2734 4904
299 403 445 471 EPIST.
469 421 516 470 no
540 399 929 470 cuursnunulu,
967 417 973 429 ‘
1009 419 1111 499 usp

146 568 277 640 ‘oudam
299 572 517 657 rescripsisse,
548 586 581 638 et
610 571 833 666 quantumin
869 569 1088 653 dispositione

151 688 370 764 substernsuae
396 689 478 752 esset
501 689 700 772 potestatis,
724 685 846 767 quidve
869 685 904 750 in
927 687 985 752 tali
1011 687 1086 772 calu

150 791 310 889 agencium
337 803 488 883 censeat,
513 801 617 866 amico
637 801 745 866 animo
767 799 975 885 significasse.
1035 801 1087 866 Si·
1194 843 1196 847 v

151 936 193 982 ne
222 917 325 981 dubio
355 911 457 982 'allata
495 917 613 982 eadem
640 915 830 980 iamdudum
864 916 909 980 D.
935 915 1086 980 Vestram
1175 894 1179 901 s

97 1093 102 1099 ,
150 1029 384 1104 informarunt.
447 1029 581 1115 Quibus
607 1030 707 1094 corde
733 1030 854 1095 divinae
882 1029 1087 1111 protectioni

96 1157 112 1234 ᾗ
150 1143 325 1228 diligenter
348 1143 554 1208 commendo.

173 1257 401 1344 -Osnabrugis
425 1273 463 1320 xr
485 1239 644 1323 Decenrb.
669 1258 735 1322 n⁰.
760 1243 990 1328 ctotucxnv.

378 1370 473 1436 Nob.
492 1370 594 1435 Dum.
614 1371 729 1433 Vestr.

550 1483 589 1548 ad
615 1483 721 1546 officia
746 1461 836 1565 grata
860 1475 1086 1563 pararissrmus

631 1597 709 1683 Ion.
732 1591 1017 1662 Oxausrrareun.

850 1725 861 1754 b

583 1818 649 1890 IX.

312 2049 557 2119 Nonrnrssrmn
583 2047 757 2114 Donatus!

483 2199 490 2224 ι

186 2200 432 2344 Celsrsstmus
455 2277 632 2354 princeps,
656 2274 905 2343 D.Fredericus
925 2273 1079 2346 Marcum

142 2385 325 2465 Budensts,
357 2385 484 2450 iteratis
516 2385 682 2464 vicibus,¹
704 2389 886 2471 nuperrime
918 2409 996 2454 vero
1024 2411 1081 2471 per

141 2500 349 2590 presentium
376 2498 615 2579 exhibitorem,
639 2499 794 2588 Nobilem
813 2517 843 2564 et
863 2503 1081 2588 Magnificum

8 2595 10 2646 3
88 2676 90 2678 ,
141 2617 190 2683 D.
215 2615 415 2681 Iornnndum
440 2613 684 2694 Guesontium‚
724 2613 803 2679 mihi
834 2615 1079 2684 in'memorianr

139 2731 294 2798 revocari
322 2743 354 2794 et
386 2727 490 2794 fufius
519 2729 640 2812 exponi
670 2729 821 2809 curavit,
860 2750 925 2810 qua
951 2731 1078 2795 ratione

141 2845 179 2910 S.
198 2829 368 2910 Celsstudo
394 2863 457 2923 pro
480 2843 700 2924 recuperanda
722 2841 927 2924 possesstone
952 2859 985 2908 et
1007 2844 1079 2910 iure

138 2951 274 3020 suorum
302 2952 550 3036 principatuum
572 2963 604 3018 et
632 2954 818 3034 ditionum,
843 2969 917 3018 ante
945 2954 1077 3036 aliquot

139 3083 246 3133 annos
261 3111 272 3147 ‚
290 3049 397 3131 'fedus
426 3049 662 3134 iniveriteum
686 3067 859 3154 Regibus,
893 3067 1079 3152 Regnoquo

140 3179 268 3248 Suediae
293 3193 326 3244 et
352 3180 490 3262 Galliae,
513 3180 680 3264 eidemque
707 3179 892 3247 conl'rautcr
917 3185 1076 3270 inhaeren-

139 3291 205 3374 do,
227 3295 361 3382 [semper
380 3293 578 3378 speraverit,
602 3311 747 3360 tractatu
775 3279 808 3359 et
838 3315 916 3377 pace
941 3299 1074 3366 univer-

8 3435 54 3488 3·
138 3406 216 3488 sali,
241 3399 500 3490 procurantibus
521 3409 675 3476 ambabus
697 3409 856 3489 coronis,
878 3411 1025 3478 unanimi
1040 3424 1073 3478 et

138 3521 247 3588 valide
268 3525 526 3606 cooperatione,
550 3541 720 3588 commune
744 3523 926 3594 Germania
953 3539 986 3589 et
1005 3525 1074 3592 stn-

139 3635 292 3718 gulorum
320 3639 460 3706 statuum
490 3637 646 3718 salutem,
679 3655 736 3719 per
769 3637 835 3702 vim
872 3638 1010 3702 ablatam
1037 3652 1069 3702 et

8 3805 9 3824 ἶ
139 3749 349 3830 usurpatam,
369 3753 617 3820 redditumiri:
644 3753 676 3816 in
703 3769 775 3818 eum
799 3739 1010 3830 norontem,
1035 3767 1069 3816 et

8 3893 10 3932 ;
35 3855 38 3860 ’
138 3875 177 3926 ut
200 3876 292 3930 tanto
320 3865 454 3938 certiori
476 3881 509 3934 et
532 3866 758 3936 favorabiliori
778 3864 879 3952 Regis
904 3859 1075 3932 Christia-¹

279 3989 282 3994 ·
999 3975 1068 4042 nis-
