2734 4904
269 449 280 503 s
310 363 608 481 urtsr’otm
652 391 926 502 rasuram.
988 337 990 342 ’
1041 407 1122 482 η.

126 567 320 638 nmicitiam
341 562 559 644 labefactare,
590 563 653 628 hos
684 577 791 640 autem
824 566 939 630 hostes
972 564 1078 634 facere

126 687 253 768 Papae.
299 683 453 747 Attamen
477 678 630 766 castalia
653 656 832 761 scribitur,
856 691 925 744 nort
950 693 1078 750 tautum

128 800 207 864 tria
228 797 331 863 millia
356 793 497 858 rnilitum
530 811 548 856 a
576 791 664 873 Papa
694 807 833 857 ventura
860 792 1076 874 Imperatori,

128 908 198 977 sed
231 912 482 990 aliapr'aetcrea
511 905 619 972 decem
653 907 755 979 millia
788 883 828 970 ab
861 905 935 972 aliis
973 908 1078 974 Italiae

88 1087 90 1097 ,
127 1024 375 1108 Principibus,
398 1021 562 1088 excitante
583 1039 667 1102 eos,
692 1033 730 1085 ut
746 1019 903 1084 credibile
920 1033 993 1101 est,
1013 1020 1076 1086 Pa·
1144 1025 1146 1034 ⁴

126 1113 217 1225 pa.¹
264 1136 377 1204 Didici
404 1137 499 1200 etiam
525 1151 565 1198 ex
585 1136 631 1200 l).
652 1133 842 1216 Bryeunio,
875 1132 1079 1224 liclidentem

71 1323 74 1328 ¹
119 1263 303 1335 perpetuo
326 1249 466 1330 aliquem
489 1266 528 1310 ex
555 1247 665 1312 Gallia
691 1246 779 1330 apud
807 1247 965 1334 Reginam
998 1266 1081 1312 nos·

130 1377 227 1428 tram
249 1360 422 1426 futurum:
449 1359 555 1426 videri
582 1375 688 1434 autem
718 1361 862 1441 primum
888 1362 928 1427 ad
949 1361 984 1426 id
1006 1380 1092 1445 mu·-

127 1481 207 1546 nu's
223 1453 437 1540 exercendum
457 1471 529 1538 fote
547 1472 705 1538 Batonem
722 1471 911 1538 Rortcium.
957 1475 1003 1538 D.
1015 1475 1079 1538 Ce-

25 1601 26 1608 ’
127 1589 279 1658 risantes
304 1588 425 1658 aditum
450 1585 639 1668 postulavit
663 1584 701 1650 ad
720 1585 877 1670 Reginam
898 1576 1077 1670 chcntem

92 1768 101 1780 ,,
125 1717 170 1768 ct
200 1701 360 1788 Reginam
376 1700 520 1784 Angiiae.
568 1697 772 1780 Responsum
796 1699 826 1762 ei
844 1714 918 1778 est,
942 1697 1079 1782 missu-m

78 1897 80 1901 Α
131 1837 217 1883 eum
245 1816 286 1880 ad
310 1833 361 1880 res
380 1815 555 1892 Denicas,
592 1794 708 1878 nullas¹
726 1814 811 1879 visas
841 1815 978 1893 literas,
1015 1813 1077 1897 qui

127 1933 165 1997 ci
179 1913 367 1996 Resrclcutis
386 1945 505 1991 munus
525 1928 752 2010 imponerent,
785 1927 901 2008 quodsr
922 1926 955 1992 id
971 1928 1077 2006 essct,
1113 1938 1117 1948 “

130 2060 249 2110 tamen
282 2059 349 2106 uon
380 2040 452 2104 cius
485 2039 552 2106 esse
585 2059 700 2126 agere,
727 2059 800 2122 quae
827 2042 955 2124 legatus
982 2059 1094 2126 agere¹

129 2158 235 2224 velit.
312 2155 540 2222 Crucenacum
570 2153 716 2219 deditum
748 2167 800 2218 est
828 2153 937 2221 Gallis
962 2132 1076 2222 XXVI

128 2269 348 2344 Decembris.
417 2269 498 2334 Non
530 2269 611 2334 fecit
641 2289 703 2354 pru
735 2289 771 2334 ea
812 2287 884 2336 arce
920 2265 1076 2336 servanda

131 2406 215 2470 quae
239 2381 352 2465 potuit
380 2381 460 2446 Dux
484 2380 734 2462 Lotharingus,
749 2367 816 2459 'qui
833 2385 1003 2462 equitatus
1025 2381 1077 2447 sui
1167 2415 1200 2456 ω,

130 2513 266 2584 partem
290 2493 541 2578 sermenalteram
566 2489 650 2556 miset
666 2492 701 2556 in
721 2493 919 2560 FlandrIam.
950 2493 1079 2579 ,Glenii

131 2611 248 2694 copiae
264 2623 378 2690 tenues
398 2606 589 2686 scribuntur
606 2605 779 2674 esse.inter
798 2607 1015 2676 Confluentes
1042 2621 1077 2671 et

131 2725 385 2803 andernacum,
410 2722 462 2788 sed
480 2721 554 2787 inde
571 2723 733 2790 dicuntur
749 2723 795 2788 ire
813 2723 848 2787 in
865 2721 1077 2790 Iuliacensem
1100 2736 1105 2744 ·

25 2906 27 2914 ,
129 2858 272 2926 agrum:
321 2839 473 2906 Bavatici
505 2837 539 2904 in
565 2838 750 2904 Franconia
768 2837 933 2918 maxime,
954 2838 1075 2922 partim

134 2953 180 3020 ad
204 2951 333 3016 Heliam
351 2951 524 3014 Suevicam
539 2963 572 3012 et
589 2953 808 3040 Augustam.¹
843 2951 1075 3016 Francothalia

132 3065 185 3134 ita
213 3062 358 3144 undique
388 3063 530 3130 aGallis
557 3063 737 3145 premitur,
761 3077 800 3128 ut
826 3060 954 3128 tandem
973 3051 1006 3128 i'n
1025 3064 1076 3146 ip·
1159 3063 1161 3068 ’

133 3179 249 3248 sorum
273 3195 387 3244 manus
416 3184 557 3242 ventura
582 3177 747 3242 credatur.
773 3177 874 3250 ,Pars
900 3175 1076 3244 Gallorum

130 3269 285 3377 'hyberna
314 3290 410 3358 habet
440 3291 529 3376 apud
558 3291 803 3357 Trosbachium
835 3301 867 3350 et
893 3286 1074 3354 Rernocas-

134 3410 266 3476 tellum.
332 3406 521 3484 Audimus,
548 3381 741 3486 Imperatori
766 3401 863 3466 etiam
888 3402 1075 3482 concessam

135 3521 313 3607 pecuniam
337 3521 559 3602 aliquantam,
584 3537 623 3584 ex
636 3516 806 3584 fructibus
825 3517 990 3584 bonorum
1006 3519 1075 3586 Ec·

136 3633 419 3713 clesrasticorum,
452 3633 486 3698 in
516 3651 616 3718 regno
649 3633 886 3716 Neapolitano.
953 3631 1074 3700 Gallos
1181 3623 1184 3634 ’

140 3747 324 3827 quosdam,
355 3750 390 3812 in
412 3747 569 3830 hybernis
592 3746 702 3826 minus
727 3763 822 3814 caute
851 3747 1072 3832 serenantes,

138 3857 286 3946 Hispani
310 3861 390 3929 male
415 3863 579 3960 habuere,
603 3877 674 3930 tum
697 3861 732 3928 in
756 3861 925 3930 Catalauia
946 3878 1015 3928 tum
1039 3861 1076 3962 in

909 4025 912 4032 .
1011 3973 1077 4039 Ite·
