2734 4904
315 367 379 458 πή
450 378 1129 483 nucontscuoutr

238 621 241 638 Ι
314 547 419 612 Italiae
436 541 625 634 principes:
650 549 684 614 ln
700 549 872 616 Poloniam
890 550 1116 616 Mislichium:
1142 550 1252 620 acae-

313 661 449 727 sarianis
475 681 621 729 tumores
647 663 753 750 spargi
774 664 813 728 dc
842 664 1022 746 machinis,
1052 683 1133 748 quas
1151 662 1250 728 irabi-

315 777 385 838 turi
408 773 470 841 fiut
492 777 531 842 ab
555 777 709 843 Electore
733 779 908 860 Senoniae,
932 779 971 844 de
999 775 1251 844 conditionibus

210 895 216 906 ’
315 889 438 954 oblatis
461 893 605 976 Principi
635 890 833 972 RakocziO,
868 894 967 958 ferme
993 894 1105 974 quales
1130 887 1252 954 defide-

315 1019 387 1084 rat,
414 1004 452 1072 de
476 1005 636 1072 mandatis
655 1023 673 1071 t
692 1007 832 1073 sultano
851 1007 964 1073 Tutca
982 1006 1023 1071 nd
1038 1003 1170 1071 Bassam
1188 999 1251 1066 Of-

314 1112 453 1199 fensum,
478 1137 517 1182 ne
544 1118 573 1184 se
600 1121 676 1187 istis
703 1122 800 1192 rebus
824 1121 1021 1188 immisceata
1066 1117 1196 1183 Hassos
1210 1113 1255 1182 ad

313 1230 534 1322 Marputgum
564 1235 748 1320 exspectare
773 1240 936 1304 meliorem
963 1234 1096 1300 suorum
1121 1233 1257 1298 valetu-

314 1345 444 1427 dinem,
469 1341 535 1412 nnn
563 1370 678 1430 partun
700 1351 806 1415 laesam
829 1351 894 1416 hoc
921 1361 1093 1428 tempore,
1117 1338 1274 1421 etquid·

211 1507 213 1514 .
315 1456 439 1524 facturi
464 1459 527 1524 ssnt
552 1439 623 1527 tum
647 1463 727 1528 Dux
749 1463 969 1548 Anguianus,
994 1474 1064 1526 tum
1083 1455 1258 1539 Conings·

311 1571 507 1638 rnarckiuss
568 1575 639 1642 Eos
672 1594 750 1640 vero
787 1575 913 1642 Hnssos
946 1575 1025 1640 Dux
1054 1569 1255 1654 Anguiauus

312 1697 409 1766 putat
436 1685 475 1750 ad
501 1687 790 1770 suumt'xercitum
814 1687 1165 1768 appropinqtraturcs,
1191 1680 1257 1744 tri·¹
1339 1723 1343 1776 i

307 1775 379 1859 ¹bue
402 1801 573 1882 equitum,
598 1800 736 1867 totidem
758 1799 906 1882 peditum
932 1798 1090 1868 millibus.
1144 1794 1256 1864 Dubi-
1343 1820 1344 1830 ¹

306 1897 387 1973 'rant
402 1908 578 1996 Germani,
604 1935 644 1980 an
664 1915 782 1984 Suedia
806 1929 838 1980 et
853 1932 893 1980 an
912 1913 1023 1980 Gallia
1047 1907 1255 1976 contumaci-

261 2111 264 2122 Α
291 2034 363 2088 uer
385 2023 554 2106 perstituri
588 2029 651 2096 smt
682 2030 715 2093 in
746 2028 922 2114 flagitanda
955 2023 1162 2092 restitutione
1189 2020 1255 2085 do·

311 2155 388 2202 ntus
416 2139 597 2205 Palatinacz'
615 2141 727 2206 Gallia
751 2144 794 2226 ob
819 2141 1030 2225 religionem,
1058 2137 1177 2204 Suedia
1205 2135 1252 2200 ob
1348 2198 1349 2230 ἶ

313 2247 427 2314 causas
456 2253 547 2316 alias.
593 2255 690 2317 Abiit
714 2255 791 2318 hinc
818 2255 942 2334 pridem
968 2251 1123 2318 Refidens
1147 2249 1256 2314 Polo-

262 2436 265 2444 ,
313 2381 397 2429 nust
445 2365 525 2430 novi
550 2364 780 2448 exspectantur
806 2367 926 2452 legati,
950 2381 982 2431 et
1006 2363 1130 2429 dicitur
1154 2360 1255 2426 Prin·

315 2473 393 2560 ecp's
436 2478 615 2545 Castmirus
659 2481 880 2566 cogitationes
927 2480 1027 2546 seculi
1077 2463 1250 2542 resumere.

273 2584 275 2590 ’
316 2591 469 2658 Transiit
494 2595 655 2674 perhanc
683 2596 794 2659 urbem
818 2598 941 2661 Comes
967 2591 1171 2676 Pineranda,
1204 2588 1253 2650 le-

313 2719 410 2790 gatus
440 2705 478 2772 nb
506 2705 667 2788 Hispania
696 2707 813 2773 adres
842 2711 960 2791 pacis,
995 2727 1067 2788 quac
1101 2706 1136 2769 in
1165 2703 1253 2769 Ger·-

311 2818 417 2884 mania
453 2832 647 2882 mactatur.-
701 2819 848 2901 Legatus
890 2821 1036 2882 Venetus
1078 2799 1250 2900 ostendit,

297 2927 392 2993 'suos
419 2946 437 2992 a
462 2925 575 2993 Tutca
596 2927 730 2994 securos
747 2929 836 3000 esse.
893 2929 1003 2998 Credo
1031 2926 1066 2992 id
1089 2928 1123 2992 vi
1147 2945 1253 3010 pecu·

313 3043 377 3108 niae
411 3042 499 3126 apud
529 3040 643 3108 Bassus
680 3043 847 3110 effectum.
924 3041 1112 3114 Melitenses
1136 3041 1250 3121 adhuc

313 3135 435 3242 putant
456 3156 486 3220 se
515 3158 605 3238 peti,
629 3171 662 3223 et
697 3157 727 3224 se
761 3173 878 3241 parant
913 3159 953 3226 ad
979 3159 1046 3225 vim
1076 3156 1249 3224 arcendam

314 3263 422 3336 modis
450 3269 620 3337 omnibus.
664 3271 823 3354 Princeps
844 3274 1037 3354 Condatis,
1062 3259 1251 3358 quanquam

194 3451 198 3456 ,
314 3403 354 3449 ex
381 3384 511 3457 calculo
549 3385 630 3448 male
664 3385 803 3464 valens,
836 3385 905 3450 ivit
936 3386 969 3450 in
999 3383 1249 3470 Burgundiarn3

314 3497 419 3578 dicit,
454 3497 484 3564 se.
510 3496 703 3581 octuaginta
729 3499 935 3564 millionibus
962 3499 1178 3575 effecturum,
1212 3515 1254 3560 ne

287 3616 291 3627 '
313 3609 395 3694 quid
422 3610 621 3686 exercitibus
644 3613 736 3679 defit.
805 3613 935 3698 Viginti
963 3611 1125 3676 milliones
1140 3606 1252 3674 ⁴facila

312 3726 394 3790 esset
420 3727 582 3814 reperire,
625 3726 713 3808 apud
750 3707 860 3790 'subito
894 3723 1003 3788 factos
1036 3741 1076 3786 cx
1109 3721 1250 3806 publico

311 3840 457 3930 divitem
494 3855 551 3916 aut
583 3831 697 3914 eorum
729 3838 875 3910 heredes.
943 3836 982 3910 111
1016 3835 1252 3932 Languedocia

348 3973 350 3980 ’
1163 3969 1245 4024 cou-
