2734 4904
190 465 198 484 ·
300 447 342 510 ⁶0
438 437 1087 526 nuooutsptortt

290 611 508 695 probratione
546 609 721 690 proterviae
748 593 780 672 et
816 608 911 703 alieni
945 628 963 672 a
995 627 1072 689 pace
1105 611 1216 679 enimi.

295 725 383 791 Idem
414 720 538 790 sensere
563 721 782 805 Burgundici.
829 721 1053 789 Modestiores
1085 725 1162 804 aiii,
1196 725 1219 792 fi

295 837 572 920 qtrtdlnperator
594 853 656 918 pro
680 833 710 898 se
735 848 800 936 aot
817 835 915 900 domo
940 835 995 900 sue
1021 838 1219 918 querendum

291 955 444 1030 liaberet,
487 969 555 1018 nort
598 947 665 1013 esse
705 947 955 1030 impediendum.
1032 950 1218 1032 Caeterum5

290 1064 461 1146 Principes
494 1077 528 1144 et
553 1061 695 1130 Ordines
721 1061 851 1146 Imperii
876 1063 923 1128 ita
954 1060 1079 1126 fractos
1109 1066 1218 1146 bello,

266 1168 331 1242 'ut
355 1177 463 1243 nullas
492 1174 552 1241 nist
580 1176 618 1242 de
642 1195 720 1261 pace
753 1176 976 1258 promovenda
998 1164 1218 1262 eogitationes

291 1290 456 1374 suscipere
488 1271 639 1371 possint(
690 1289 830 1379 Quidam
867 1290 962 1352 etiam
1001 1305 1217 1372 proponunt,

287 1420 358 1466 non
384 1403 443 1466 abs
473 1420 506 1466 re
529 1399 621 1488 fore,
650 1374 815 1488 ficorpus
839 1399 989 1464 ordinum
1008 1403 1218 1481 permittatur

224 1565 228 1580 .
289 1517 318 1586 se
352 1517 487 1580 miscere
523 1512 615 1594 pacis
653 1504 787 1595 negotio
823 1503 936 1581 iisin
973 1515 1058 1581 loeis
1096 1515 1154 1580 ubi
1184 1513 1221 1580 id

173 1607 176 1616 ¹
287 1641 464 1696 tractatur.
510 1623 573 1689 Sed
592 1641 632 1688 an
656 1623 690 1688 hi
710 1639 851 1696 numero
869 1623 1051 1704 superaturi
1075 1625 1137 1692 stnt
1155 1647 1218 1694 cae·

289 1759 379 1808 tenos
406 1717 590 1804 dubitaturi
624 1735 704 1804 Dutt
721 1729 957 1820 Neoburgicus
975 1737 1108 1808 dicitur
1132 1739 1218 1834 mut.

288 1872 358 1923 turn
381 1831 522 1920 excitare
550 1847 703 1920 civitates
740 1863 777 1918 ut
814 1850 866 1920 ius
901 1849 992 1920 suum
1027 1850 1215 1924 defendant.

207 1976 211 1984 '
286 1968 396 2034 Venio
425 1966 470 2063 pu
494 1981 544 2037 res
562 1945 754 2048 dragmas,
783 1961 881 2028 malas
916 1962 988 2029 sane
1019 1963 1115 2048 Regi.
1160 1963 1216 2028 Irt·
1281 1971 1284 1978 '

189 2101 192 2116 ·
285 2103 364 2170 gens
387 2082 472 2148 enim
496 2092 629 2160 accepts
656 2091 707 2140 est
735 2075 867 2155 clades,
900 2092 933 2142 et
960 2077 1118 2162 Princeps
1144 2076 1216 2142 Ro·
1348 2075 1349 2080 ’

287 2199 426 2280 bertus,
443 2187 721 2272 eNovicssteiiio
737 2200 770 2252 et
789 2187 937 2272 aliisqui
961 2189 1216 2256 muriHarnbur-

198 2311 203 2336 ⁸
284 2330 360 2395 gum
382 2305 412 2374 se
437 2294 603 2387 recepere,
636 2317 710 2366 reus
737 2299 779 2366 ¹fit
805 2299 1016 2392 consiliorum
1043 2302 1214 2374 audacium
1284 2329 1288 2338 ·

283 2421 385 2506 magis
419 2434 514 2500 quanm
547 2411 778 2496 providorum.
841 2413 943 2510 'Post
975 2417 1057 2483 hanc
1091 2419 1212 2486 cladem
1349 2491 1350 2502 χ

281 2528 470 2606 Eboracum
487 2527 632 2594 deditorn
647 2527 923 2594 Pariam'entariis.
978 2531 1163 2598 Oswestria
1180 2547 1214 2599 et
1315 2551 1318 2559 ·

283 2645 473 2729 Sheropiira
493 2655 615 2708 exemto
634 2639 817 2724 Regiorum
840 2641 984 2708 obsrdio:
1010 2646 1050 2710 ab
1075 2646 1213 2714 Essexio

283 2774 416 2844 captum
439 2753 599 2835 oppidum
619 2753 843 2818 Taumtonunt
863 2769 896 2818 et
915 2756 1025 2822 vicina
1051 2758 1210 2838 qnaedam.

280 2875 311 2940 Λ
336 2870 448 2934 Bruno
473 2865 692 2936 Londiniensr¹
707 2865 928 2954 Greenlandia
951 2868 991 2932 ad
1017 2869 1210 2936 Themesnn.

201 3016 204 3024 1
258 2973 439 3066 ‘Princeps
472 2978 642 3046 Robertus
673 2979 798 3052 dicitur
832 2978 984 3045 incendio
1017 2983 1144 3050 arcium¹
1180 2982 1211 3050 se

282 3097 405 3166 ulcisci
421 3097 454 3161 in
470 3095 614 3160 vallibus
627 3093 856 3174 Coverdtiiae‚
871 3095 1066 3162 Wensdaliae
1077 3145 1088 3176 ‚
1099 3098 1214 3162 Swen·

281 3213 388 3278 daiiae.
456 3208 702 3272 Neucastellius
735 3228 753 3272 a
786 3206 923 3276 confilio
955 3211 1088 3276 militari
1119 3210 1209 3294 regio

283 3327 454 3390 damnatus
476 3315 666 3384 desertionis
684 3319 831 3386 crimine.
877 3323 1116 3390 Pariamenttrii
1133 3344 1209 3391 eum

283 3437 439 3508 Hibernis
464 3433 585 3498 beilum
609 3433 655 3496 ita
675 3449 792 3514 gerunt
815 3435 1012 3516 crudeliter,
1037 3453 1074 3504 ut
1093 3438 1213 3503 nemini

282 3554 385 3620 vitam
404 3544 592 3630 indulgeant
611 3557 722 3628 capto.
770 3545 896 3630 Regina
919 3551 1069 3632 Augure,
1097 3532 1214 3614 recens

282 3645 523 3748 spuerperio,
564 3678 647 3744 aegra
681 3677 844 3745 corpore,
876 3639 1020 3726 ‘humero
1051 3659 1235 3756 siderate„

282 3780 314 3846 in
335 3773 548 3844 Brittanniam
558 3766 756 3838 Armar'icam
774 3771 1030 3854 apud-Brestum
1051 3754 1202 3858 sdpuiit3

285 3887 405 3978 petivit
426 3887 501 3972 hinc
522 3885 669 3976 medicos
681 3929 696 3974 ,γ
716 3898 750 3951 et
771 3883 904 3954 uidetur
928 3885 1014 3977 itura
1038 3890 1078 3955 ad
1102 3905 1204 3972 aquas

1123 4001 1206 4066 lior·
