2734 4904
202 399 372 528 renisi.
398 477 446 524 n>
472 459 514 526 o.
543 439 941 536 cnnrsnnrnn:
984 468 1045 547 ne

100 623 374 713 fignificobttnr‚
407 645 490 693 non·
512 628 639 714 ingrata
671 630 745 696 fore
779 625 863 698 ‘euiae
904 633 1042 705 Gallica

99 753 223 807 nostre
249 743 376 824 officia,
414 744 436 812 st
464 744 690 812 D'Avausrum
721 764 739 811 a
768 747 940 831 proposrto
968 767 1042 832 pet-

14 867 15 872 ’
97 858 329 954 moverimus,
349 859 388 924 ab
406 877 512 942 eoque
530 861 702 942 impetrare
720 859 924 943 poterimus,
948 862 1048 945 quod

93 967 130 1034 in
162 967 330 1036 solonius
353 973 492 1040 arbitrio
516 973 657 1060 positum
683 988 747 1039 est.
793 974 876 1059 Qum
899 992 950 1040 res
974 983 1037 1040 noe

92 1084 146 1146 ed
171 1083 338 1150 decretum
369 1081 430 1150 iarn
465 1089 527 1154 iter
557 1108 595 1154 eo
629 1089 731 1173 magis
768 1085 922 1169 impulit,
969 1105 1037 1170 qno
1092 1163 1094 1167 v

47 1221 52 1234 ·
92 1197 277 1278 propiores
301 1214 432 1264 eramus
456 1202 598 1286 tempori
623 1201 723 1280 {dicto
747 1197 1043 1281 propositionibus

48 1296 52 1304 ’
92 1308 255 1392 utrinque
276 1314 489 1391 exhibendis,
521 1329 558 1378 ut
581 1313 808 1393 obstaculum,
832 1314 933 1396 {quod
956 1316 1035 1379 aite-

92 1422 169 1486 rius
199 1422 341 1486 absentia
373 1423 562 1488 inchoando
599 1426 757 1516 tractatui
786 1425 929 1498 obiicere
954 1444 1037 1506 pos-

10 1571 12 1576 ·
91 1534 165 1616 set,
191 1549 306 1600 nostra
336 1534 559 1618 qualicunque
590 1525 690 1618 ¹operi
722 1545 866 1600 emotum
896 1535 1033 1600 iremnse

10 1675 12 1692 ·
91 1631 241 1714 Verum'
265 1651 326 1714 ianr
370 1662 541 1728 antequem
583 1648 617 1712 in
659 1649 741 1713 henc
785 1665 849 1712 rem
894 1652 1035 1714 muitum

9 1747 11 1792 s
91 1761 247 1826 conferre
272 1759 392 1838 licuit,
426 1758 697 1840 deprehendimus
733 1773 896 1826 mutatum
927 1762 1062 1840 consta,

89 1875 176 1939 lium
199 1871 403 1957 preproperi
418 1869 562 1958 chime,
587 1871 772 1952 illumque,
796 1876 848 1935 vel
871 1875 911 1936 ad
935 1874 1032 1938 mini-t

8 2007 10 2044 ;
88 2001 206 2064 mum,
230 1985 368 2049 dilatum
402 1980 469 2049 esse
503 2001 611 2065 usque
644 1983 677 2047 in
712 1982 888 2048 adveutum
921 1987 1033 2052 Ducis

86 2097 340 2190 Longeviliani.
388 2096 545 2177 Scilicet,
572 2113 645 2179 quae
664 2096 732 2160 sola
751 2096 849 2160 nobis
869 2097 937 2162 visa
953 2097 1052 2163 sunt

87 2209 190 2292 posse
213 2211 338 2279 obitum
365 2212 486 2276 morari
511 2227 544 2277 et
569 2208 795 2276 D’Avansrum
820 2214 853 2276 in
885 2215 944 2277 hec
969 2213 1032 2278 ste·
1105 2218 1109 2224 '

79 2324 184 2394 ,tione
221 2325 382 2404 retinere,
419 2324 625 2406 superiorum
665 2326 814 2390 mandata
845 2339 909 2389 nos
942 2335 1030 2392 ante·

6 2449 10 2494 ζ-
84 2451 281 2530 verterunt,
311 2449 343 2500 et
370 2435 509 2520 operoso
531 2435 645 2516 aliquo
670 2433 823 2499 suadendi
846 2437 958 2502 labore
983 2440 1030 2503 lea

6 2637 7 2640 Ἴ
84 2560 225 2615 verunt.
293 2547 397 2636 Quod
422 2543 1029 2632 Dom.Vestraes1gnificandumdu··

6 2669 7 2750 J
47 2695 50 2704 ·
83 2665 224 2742 ximus,
260 2677 297 2728 ut
323 2681 381 2745 per
406 2662 535 2746 eandem
564 2661 598 2725 id
627 2675 833 2746 cognoscant
859 2661 904 2742 ii,
938 2665 1025 2746 qu'os'

84 2776 121 2840 in
144 2778 239 2854 aulo,
263 2777 403 2841 huiusce
427 2776 472 2840 rei
502 2775 640 2856 caussa,
660 2775 794 2840 antehac
816 2774 910 2840 adiit.
957 2776 1028 2842 Ne·

14 2947 19 2962 ,
85 2909 153 2971 qne
169 2877 371 2954 'dubitamus
396 2889 476 2969 qnin
500 2891 641 2974 posthac
668 2887 889 2971 intelligamus
920 2890 1023 2954 Dom.

82 3000 243 3064 Vestram
267 3000 415 3083 incoepto
442 2999 521 3065 huic
545 2997 722 3078 institisse,
746 3017 850 3082 eoque
874 3002 1025 3078 colleboa

83 3115 194 3195 rasse,
217 3128 277 3194 ut,
304 3115 360 3198 qui
386 3133 473 3181 nunc
500 3113 541 3179 ad
564 3091 693 3196 temptis
717 3111 905 3208 discedendi
932 3113 1024 3197 cogi·

84 3230 231 3295 tationes
258 3225 434 3310 deposuit,
477 3226 515 3290 de
543 3239 664 3292 caetero
697 3225 840 3308 accipiat
873 3228 1023 3292 mandata
1050 3243 1055 3250 ’

84 3342 228 3407 ulterius
254 3339 422 3409 manendi:
459 3341 501 3406 iis
523 3359 636 3422 nempe
655 3339 685 3404 se
703 3339 931 3419 obsequentem
949 3338 1021 3405 fote

84 3449 259 3536 professus
287 3470 351 3518 est.
399 3452 500 3539 Quod
525 3471 600 3518 eum
624 3455 726 3521 Dom.
744 3455 873 3519 Vestrae
898 3473 1022 3538 procu·

85 3567 224 3634 randnm
251 3557 512 3648 concredimns‚'
536 3565 700 3651 speramus
729 3567 798 3634 fieri
822 3567 917 3652 posse
945 3588 1020 3634 cunt
1057 3593 1060 3600 ·

85 3699 127 3744 eo
153 3695 426 3764 temperamento,
458 3696 496 3748 ut
526 3683 764 3750 commendatio
797 3683 896 3752 unius
925 3681 1020 3744 alteri

85 3793 171 3859 rtihil
198 3795 357 3858 detrahat.
411 3796 583 3862 Posterius
610 3816 671 3862 nos
695 3795 905 3862 omnimodo
933 3796 1020 3862 vita·

85 3907 224 3994 mnus,
267 3909 482 3996 eminusque
520 3931 558 3976 ne
592 3914 670 3996 quis
707 3909 823 3980 merito
856 3908 1024 3992 suspicari

516 4023 595 4100 Hs
901 4093 904 4102 ,
939 4036 1021 4106 pos-
