2734 4908
759 443 878 530 (ὅ)

350 613 424 683 aliis
445 634 484 680 ex
510 606 644 678 indiciis
662 611 877 693 probabiliter
893 610 970 677 latia
990 612 1028 678 de
1041 631 1081 684 ,ea
1099 614 1282 686 existimari

346 746 474 816 potest.
523 727 665 792 Videtur
681 745 793 809 nempe
815 732 891 794 lraec
909 729 1137 809 Epistularum
1159 738 1287 797 collece

344 839 690 910 tioeantenstiernae
712 825 886 905 hereditate
905 840 1061 926 snperlles
1081 846 1161 910 eal'e.
1192 847 1279 914 Nam

345 977 427 1040 quae
449 957 563 1024 Grotii
594 955 769 1036 Epistolae
796 957 972 1040 leguntur,
995 973 1068 1034 eae,
1093 977 1211 1042 utpote
1239 959 1282 1026 ad

343 1058 585 1136 oienstiernam
604 1070 828 1148 devehendae,
853 1070 1056 1134 authenticae
1075 1071 1148 1134 sunt
1167 1089 1198 1136 et
1226 1073 1278 1138 ni·

244 1177 249 1228 -’
340 1185 408 1250 tide
430 1185 581 1266 scriptae.
646 1170 739 1268 Quae
765 1202 842 1246 vero
871 1181 944 1247 sunt
972 1183 1143 1264 Epistolae
1166 1185 1279 1252 Oreo·

339 1298 493 1377 stiernae,
518 1317 570 1362 eae
589 1299 817 1377 Epistolarnm
837 1297 1075 1362 scribendarum
1107 1298 1181 1362 iant
1207 1315 1277 1365 ten·

341 1411 462 1475 tamilla
481 1426 513 1474 et
534 1412 704 1492 pericula,
728 1411 835 1475 minus
866 1426 1037 1490 accurate,
1064 1426 1100 1476 ut
1117 1410 1176 1489 fit,
1197 1430 1280 1476 con-

233 1526 235 1532 ’
338 1523 498 1606 scripta,¹
521 1541 587 1585 non
614 1541 693 1585 vero
721 1513 893 1602 Epis'tolae
921 1525 961 1587 ad
991 1522 1115 1603 ipsum,
1144 1525 1199 1590 cui
1226 1525 1278 1590 in·

336 1635 478 1715 scriptae
501 1633 600 1712 sunt,
625 1635 842 1698 devehendae.
1289 1621 1291 1630 '

376 1726 525 1816 Et'ltaee
554 1739 683 1831 quidem
709 1748 882 1810 hactenus.
950 1745 1041 1812 Num
1064 1746 1143 1812 haec
1172 1748 1279 1816 editio

334 1879 455 1930 novam
491 1859 661 1942 quamdam
696 1859 817 1946 gloriae
850 1875 881 1923 et
913 1861 1021 1926 laudis
1055 1838 1274 1931 accrastonem

333 1974 585 2058 incomparabili
634 1987 753 2038 nostro
796 1973 922 2041 Grotio
977 1978 1165 2058 praebitura
1209 1958 1274 2056 stt,

332 2105 486 2154 nostrum
511 2107 577 2150 non
602 2101 652 2150 est
678 2087 835 2152 iudicare.
883 2088 982 2164 Hoc,
1012 2090 1045 2152 ni
1071 2087 1194 2165 fallor,
1218 2092 1272 2154 lu·
1353 2159 1355 2166 Α

332 2203 480 2282 colenter
502 2176 670 2264 ¹leatantur
688 2201 886 2282 Epistolae‚
913 2219 996 2283 qnae
1016 2219 1103 2264 nunc
1128 2202 1273 2282 primunr
1354 2221 1355 2256 l

270 2365 272 2375 .
329 2316 365 2381 in
390 2317 495 2378 lacem
519 2315 685 2395 prodeunt
699 2331 717 2395 ‚¹
757 2313 918 2402 Grotium
941 2330 1102 2396 tamquam
1131 2315 1273 2396 legatum

250 2407 257 2423 x
329 2429 505 2496 Suecicum
538 2429 570 2494 in
607 2428 758 2512 politicis
789 2441 822 2492 et
858 2427 1082 2511 diplomaticis
1124 2429 1269 2512 negotiis

327 2544 550 2626 procurandis
576 2540 728 2600 summam
749 2539 934 2618 prodidisse
959 2557 990 2604 et
1015 2542 1212 2620 probitatem
1232 2552 1268 2605 et

327 2653 535 2739 prudentiam
551 2657 589 2730 :et
617 2650 794 2714 solertiam.
859 2649 938 2714 Non
963 2652 1151 2734 ignoraturus
1178 2649 1266 2717 fuls.

325 2767 381 2846 se,
403 2769 460 2848 qui
483 2763 740 2842 contenderent,
760 2763 943 2844 Grotium,
967 2767 1117 2830 Lutetiae
1128 2765 1268 2830 Parisio-

291 2907 293 2928 =
326 2900 400 2946 rum
425 2881 457 2944 in
484 2879 644 2964 legatione
673 2877 860 2960 degentem,
882 2879 944 2942 ¹l'uo
967 2880 1068 2963 magis
1093 2878 1286 2946 indulsisse,
1327 2912 1330 2920 ›

323 2997 490 3061 literarum
520 3009 551 3058 et
580 2993 796 3078 antiquitatis⁸
817 2993 945 3072 studio,
979 3013 1075 3074 quam
1105 2995 1196 3077 quod
1220 2996 1267 3060 le·

324 3112 391 3194 gari
422 3129 552 3174 munere
583 3111 696 3174 sedulo
730 3125 766 3172 ac
791 3107 964 3192 diligenter
992 3107 1073 3172 esset
1107 3109 1261 3175 functus.

325 3225 388 3290 Sed
411 3226 507 3307 longe
533 3223 626 3284 aliter
653 3221 684 3283 se
710 3239 773 3282 rem
799 3217 969 3297 habuisse,
994 3239 1091 3302 atque
1116 3223 1164 3284 illl
1188 3221 1264 3304 opi·

322 3329 465 3417 uantur,
491 3317 530 3401 ex
556 3335 608 3400 his
633 3334 730 3398 etiam
756 3333 924 3416 Epistolia
948 3333 1076 3397 abunde
1107 3351 1255 3418 apparet.

365 3475 489 3564 Scripsi
510 3475 743 3544 Amstelodami
767 3478 868 3544 mense
885 3477 976 3545 Maio
998 3493 1232 3544 mmcccxxrx.
1278 3522 1291 3557 r
1332 3497 1335 3510 ·

848 3679 886 3736 C.
906 3679 943 3736 A.
972 3677 1074 3770 DEN
1101 3675 1207 3738 TEX.

798 3778 920 3842 Instituti
939 3785 1009 3854 regri
1030 3781 1141 3852 Belgici
1159 3781 1259 3842 tertiae

903 3883 992 3948 Clarii
1009 3885 1044 3952 ab
1062 3888 1145 3948 actia.

1178 4039 1257 4108 SE·
