2734 4904
283 433 576 506 aarsnonm
619 436 883 506 runnrrm.
992 458 1035 527 57
1136 391 1138 398 ’

111 608 245 680 ¹(lanias
261 609 339 678 belli
355 607 494 688 banici,
514 605 618 682 fustus
635 625 731 690 quam
750 621 824 672 ante
838 609 1041 694 explicatas,
1126 689 1128 698 Ι

9 757 12 764 ’
114 743 202 808 ,quas
221 722 376 788 e'Snedia
396 735 599 805 acceperam,
613 736 662 793 ,ut
680 722 732 788 bic
753 723 864 789 recudi
882 723 1040 805 facerem,

120 830 232 906 omnes
259 836 454 918 compellavi
476 836 643 902 librarios.
701 835 810 900 Nemo
834 851 894 912 ssest
925 839 982 920 qui
1011 840 1046 906 id

112 951 287 1032 ¹suscipere
317 949 431 1018 audeat
453 949 523 1022 sane⁴
543 948 726 1031 permissu,
753 967 847 1030 quern
872 952 1047 1047 aCancei·

117 1043 356 1150 iarioFranciae
376 1064 547 1146 impetrare
565 1060 805 1146 nonpossunt.
849 1065 985 1148 Itaque,
1007 1065 1046 1130 de

118 1175 256 1242 duobus
289 1175 486 1262 transmissis
529 1175 569 1240 ad
600 1195 648 1240 me
681 1177 861 1258 exemplis,
909 1180 1048 1246 aiterum

118 1289 200 1359 mihi
222 1288 265 1368 ad
284 1291 445 1360 memoria
469 1289 646 1352 subsidium
669 1290 811 1372 retinui,
835 1293 971 1357 alterurn
992 1293 1048 1356 de·

15 1449 17 1458 r
120 1386 302 1468 di‘Cotniti
321 1402 508 1484 Bryennio,
534 1414 572 1468 nt
592 1399 774 1470 secretario
800 1403 902 1470 status
928 1406 968 1470 ad
996 1425 1048 1472 res

121 1534 297 1597 externas,
314 1515 482 1601 edocendo
500 1513 619 1596 ipsr,et
636 1533 692 1596 per
713 1515 818 1596 ipsum
834 1519 908 1584 aliis
923 1519 961 1581 de
979 1519 1048 1584 ius.

119 1635 217 1714 titia,
241 1633 307 1697 imo
333 1628 663 1716 necessitatelhorum
684 1621 862 1725 armorum.
921 1631 1046 1696 Graue.

120 1749 225 1834 lingae,
250 1744 448 1811 munimenta
483 1742 530 1806 ita
561 1741 728 1806 cuniculis
761 1743 987 1826 machinisque
1018 1758 1051 1810 et

124 1857 338 1944 oppugnandi
371 1853 626 1932 defendendique
656 1855 784 1920 artibus
806 1855 954 1926 confusa
980 1876 1052 1939 per.

122 1976 319 2052 turbataque
339 1968 439 2046 sunt,
482 1981 522 2032 ut
544 1965 769 2048 sesquimestri
793 1983 938 2052 tempore
959 1969 1054 2047 futu-

122 2109 196 2155 rum
220 2085 259 2150 fit
284 2099 370 2164 opus
385 2080 435 2155 ad
458 2097 495 2144 ea
521 2080 718 2162 reponenda.
770 2081 903 2148 Interim
934 2081 1052 2150 Gasfio

6 2199 8 2206 '
124 2200 247 2268 dicitur
277 2195 356 2262 mari
389 2194 434 2264 ite
471 2193 512 2258 ad
544 2194 730 2275 Principem
761 2195 1077 2276 nraunonensem,·

6 2369 9 2528 Ξ

6 2293 8 2366 ἶ
125 2314 183 2394 qui
205 2310 348 2378 castellis
372 2300 506 2389 aliquot'
530 2307 638 2389 captis
664 2305 740 2376 saxo
764 2307 972 2380 Gandavensr
995 2309 1056 2379 int·
1168 2295 1175 2302 ’

120 2426 247 2504 minet,
263 2424 266 2430 '
285 2437 318 2488 et
343 2419 592 2486 Piccolominaei
615 2421 793 2487 exercitum
822 2424 856 2490 in
878 2424 908 2492 se
938 2425 1053 2515 trabit.

7 2535 9 2576 ῑ
123 2541 283 2610 Potuerat
307 2532 345 2596 de
371 2533 573 2614 Dnnquerca
600 2534 763 2618 cogitari,
792 2535 850 2602 nist
882 2537 942 2604 iam
975 2539 1055 2606 Dux

8 2705 9 2730 ,
124 2627 322 2736 Anguianus
358 2645 388 2712 se
424 2647 583 2718 iunxisset
612 2668 693 2722 ,cum
728 2651 923 2722 Marescalio
956 2651 1068 2715 Vide-⁴

8 2767 43 2784 ¹·
123 2766 246 2850 ¹comite
270 2762 433 2841 Terence,
479 2759 533 2846 spe
565 2761 726 2832 eximendi
756 2765 795 2830 ab
813 2755 956 2838 obsidio
984 2765 1057 2832 Fri·

70 2923 74 2930 -
123 2879 242 2964 burgi,
266 2890 343 2957 aut,
367 2876 390 2942 fi
412 2873 446 2940 id
470 2874 513 2940 ob
538 2875 618 2952 bene
638 2876 764 2942 munita
780 2877 927 2942 bostium
948 2893 1058 2943 castra
1166 2899 1169 2916 ·

9 3009 10 3052 2
126 2993 197 3074 fieri
222 2991 359 3070 nequit,
391 2986 567 3056 invadendi
590 2988 772 3053 Bavariam.
847 2988 973 3056 Partem
998 2991 1060 3054 ali·
1142 2991 1144 2998 '

130 3123 225 3186 quam
254 3099 424 3184 copiarum
456 3102 496 3170 ad
519 3099 822 3182 Luxembnrgicum
851 3098 946 3166 finem
982 3101 1057 3196 reli·

128 3221 216 3302 quit.
265 3213 334 3304 Qui
349 3218 382 3283 in
400 3216 562 3299 Friburgo
578 3212 673 3294 sunt,
693 3227 725 3276 et
742 3213 823 3294 bene
845 3213 885 3303 se.¹
898 3228 1056 3297 tuentur,

128 3348 160 3397 et
187 3333 381 3414 eruptiones
411 3329 539 3395 faciunt
571 3349 638 3396 non
668 3328 903 3409 improsperas.
980 3318 1089 3400 an'

128 3447 272 3517 Carolus
297 3446 401 3510 adbuc
428 3441 603 3508 obumbrat
628 3440 858 3524 consiliosus,
887 3458 920 3508 et
948 3464 1059 3510 rumo-

118 3558 222 3634 ribus
259 3555 293 3620 in
336 3568 444 3637 partes
479 3553 620 3634 diuersas
659 3556 821 3622 materiam
856 3556 1055 3640 suppeditat.
1106 3543 1108 3550 ’
1149 3546 1150 3554 '

127 3668 235 3732 Mitto
267 3668 503 3755 legesdeditae
536 3669 765 3754 Gravelingae,
798 3691 889 3752 pares
920 3670 1061 3736 Atreba-

131 3777 297 3860 tensrbus;
326 3784 421 3848 etiam
438 3784 472 3849 in
488 3803 548 3866 co,
576 3783 666 3864 quod
685 3785 913 3858 Protcstantes¹
940 3783 986 3870 ibi
1013 3783 1063 3848 vi·

117 3883 206 3964 ¹vere
235 3909 301 3958 non
323 3873 486 3974 finuntua.
553 3898 658 3966 Ilerda
692 3898 815 3968 dicitur
843 3895 971 3986 defendi
1006 3895 1060 3958 ad·
1157 3981 1161 3992 υ

545 4010 640 4104 ¹D5
971 4009 1060 4088 bue,
