2734 4904
195 515 205 528 Ι
316 417 358 484 ro
451 409 1113 532 noooutsortorrr

310 585 526 670 'Anguinnum
550 583 625 649 inde
651 601 791 652 maneret
811 589 937 674 gloria,
962 590 984 657 st
1005 603 1061 656 aut
1086 604 1151 657 tam
1168 590 1251 658 berre
1357 603 1359 620 '

311 701 484 778 inchoatas
512 698 584 766 ose
608 715 659 762 tes
683 698 824 766 feliciter
846 705 1063 784 proveheret,
1087 721 1143 770 aut
1163 707 1248 772 Ger·
1347 701 1349 708 ’

312 833 428 881 munos
464 831 522 898 per
557 809 586 876 se
620 830 732 896 pacem
773 813 986 880 desiderantes
1024 817 1076 898 secl
1115 819 1249 903 ingenio

310 925 488 1004 tertiosad
507 943 619 1007 pacem
638 926 830 1007 impelleret.
876 913 1052 1010 Promisit,
1077 935 1107 996 l'e
1130 934 1162 996 in
1183 935 1248 998 hac

309 1057 342 1104 re
369 1038 558 1118 facturum,
584 1060 656 1122 quae
681 1039 817 1122 posset,
842 1055 912 1106 tum
933 1042 1051 1108 Galliae
1077 1061 1147 1112 tum
1168 1048 1251 1112 Sue-

309 1152 391 1233 diae,
415 1167 486 1218 tum
508 1151 569 1218 filii
597 1153 648 1219 sui
673 1155 780 1221 caus.
826 1156 1010 1222 Germanus
1036 1159 1129 1222 miles
1158 1157 1250 1240 apud

309 1270 570 1354 Argentoratum
598 1269 662 1352 legi
696 1269 837 1350 incipit:
885 1291 947 1350 qua
979 1271 1012 1332 in
1040 1271 1119 1334 urbe
1145 1271 1253 1334 Stella

304 1382 449 1445 multum
479 1379 675 1462 praedicavit
704 1377 863 1444 srncerum
893 1379 1011 1444 Gelliae
1044 1379 1185 1444 studium
1213 1381 1252 1446 in
1358 1389 1359 1428 ³

305 1493 505 1561 restituenda
521 1492 704 1558 Germaniae
723 1493 894 1573 libertate,
921 1491 1012 1581 quocl
1035 1509 1136 1558 unum
1161 1513 1249 1577 prae·
1337 1557 1341 1566 Α

309 1610 410 1680 mium
435 1621 489 1672 tot
516 1606 666 1670 laborum
691 1605 972 1686 imperiorumque
998 1606 1036 1672 ab
1056 1625 1096 1676 ¹ea
1122 1605 1251 1688 specta·
1358 1653 1359 1698 3

283 1699 352 1790 ni.
397 1716 465 1784 lbit
488 1716 767 1796 Francofurtum,
798 1715 952 1787 dicturus
978 1718 1113 1798 similia,
1144 1719 1250 1784 etad
1341 1721 1359 1778 ι’

309 1837 389 1902 alias
416 1834 536 1912 urbes,
561 1831 620 1895 ubi
639 1829 670 1895 se
688 1845 764 1896 tuto
780 1830 934 1898 futurum
949 1833 1096 1914 putabit.
1142 1833 1168 1900 F
1172 1843 1248 1899 ren*-

307 1941 507 2018 cofurtenlis
531 1921 718 2011 conventus
746 1946 892 2012 nondum
913 1945 1075 2026 discessrt.
1121 1946 1247 2014 Literae

306 2067 395 2135 rtD.
416 2061 576 2130 Serviano
607 2061 686 2126 illuc
712 2060 815 2126 missae
848 2063 940 2126 lectae
974 2081 1042 2126 non
1074 2060 1171 2143 sunt,
1195 2063 1250 2126 led
1358 2097 1359 2100 =

305 2181 487 2248 mittuntur
519 2175 559 2238 ad
592 2174 804 2256 Imperatoris
841 2176 969 2258 aulam,
1004 2188 1042 2238 ut
1068 2159 1096 2238 is
1125 2178 1250 2257 praeiu·

305 2296 409 2360 dicet.
456 2289 577 2373 Magna
599 2286 639 2352 ad
663 2303 788 2352 omnem
815 2287 917 2370 ripam
936 2288 1085 2360 ‚Danubii
1107 2305 1158 2366 est
1180 2303 1248 2356 tre·
1357 2303 1359 2338 ³

310 2408 439 2496 pidatio
462 2406 505 2474 ob
525 2403 718 2468 nostrorum
739 2419 921 2485 prosperos
945 2402 1128 2472 successus.
1163 2405 1247 2472 Cre·
1357 2467 1358 2484 ¹

306 2518 399 2592 tli'tut
431 2534 539 2588 autem
565 2515 831 2585 Darmstadiensrs
854 2515 1111 2612 Landgravius‚
1146 2538 1244 2602 quam

305 2636 432 2726 poterit
453 2634 531 2714 diu,
556 2630 738 2694 obstitnrus
769 2631 913 2694 libertati
943 2633 1144 2718 Lamlgravii
1171 2635 1244 2700 Fri·

306 2749 431 2827 clerici,
463 2761 501 2811 ut
531 2765 567 2810 ea
597 2745 722 2808 ratione
754 2742 887 2808 facilius
919 2745 959 2811 eir
990 2745 1047 2812 sua
1073 2751 1125 2832 spe
1151 2749 1245 2814 finiat

305 2855 546 2932 controversias
570 2855 844 2940 Marpurgenses,
871 2858 1002 2938 quando
1030 2861 1058 2922 is
1084 2861 1242 2944 Princeps

305 2978 342 3046 in
363 2973 463 3040 domo
484 2967 663 3038 Casselensr
684 2968 774 3034 solus
796 2983 872 3050 est,
898 2965 955 3054 qui
978 2973 1030 3038 ius
1046 2971 1147 3041 inum
1174 2993 1242 3042 non

305 3089 486 3158 abdicavit.
534 3084 694 3152 Merciaci
715 3085 821 3168 copiae
839 3085 880 3150 ad
898 3085 1105 3154 Hatbrunam
1125 3104 1239 3170 erant,

302 3187 569 3290 ,pretempartem
591 3192 658 3264 non
679 3219 845 3285 magnam,
870 3220 965 3282 quam
993 3203 1051 3267 sub
1074 3204 1240 3284 Sporclrio

303 3317 345 3384 ad
367 3313 582 3381 Hazieldium
604 3311 743 3376 miserat.
791 3313 1011 3380 Merescallus
1035 3316 1066 3378 T
1071 3334 1177 3382 uronae
1199 3317 1239 3383 ad

300 3428 552 3516 Mogontiacum
578 3427 688 3492 rediit.
734 3426 803 3514 Qui
826 3429 1071 3514 Plrilippiburgi
1094 3431 1128 3494 in
1156 3451 1240 3514 ptae-

303 3544 384 3616 srdio
411 3541 507 3619 sunt,
546 3539 593 3604 ibi
626 3513 863 3620 continentur',
905 3563 964 3608 nec
999 3543 1155 3608 excursus
1179 3543 1238 3608 'fa'-

299 3660 422 3737 ciunt‚
446 3671 580 3734 nempe,
606 3672 645 3716 ne
672 3654 832 3718 exercitui
856 3669 976 3719 caetero
1001 3653 1148 3720 auferant
1178 3659 1238 3723 ali-

302 3789 421 3840 menta.
491 3765 673 3835 Constituit
697 3766 973 3850 Mogontiecensts
998 3767 1161 3850 Elector,
1186 3791 1237 3836 re·

301 3883 531 3980 sponderem
558 3881 783 3966 literasppet
816 3899 901 3964 quas
932 3882 974 3950 nd
998 3885 1159 3970 colloquii
1186 3888 1240 3950 lo·-

1160 4019 1236 4067 cum
