2734 4908
258 414 609 492 “unrsronr'n
654 419 927 533 runurnrr.
1033 429 1086 511 ,u

137 591 300 660 coui'riio
324 559 416 676 regio¹
444 593 601 674 reperisse
628 592 811 659 fuerimus
834 563 919 658 'satis
951 591 993 658 rb'
1024 594 1087 657 hac

158 709 333 794 largitione
359 705 506 786 alienata
533 705 562 770 se
592 719 696 772 tamen
724 707 784 771 urei
807 697 1107 773 causafactarnm'

161 820 253 904 quod
272 817 398 902 posset.
467 817 641 886 Brieunius
666 819 705 886 se'
722 821 868 890 adiurare
897 823 1000 899 velic,'
1035 819 1088 884 sed

160 949 253 998 orare
277 947 315 998 ut
333 949 392 1015 ego
417 949 551 1014 quoque
575 933 760 1008 eradiutor
782 933 894 1000 essem.
940 935 1089 1000 natione
1353 952 1355 962 ⁴

153 1045 192 1112 'fe
218 1059 256 1111 ut
287 1043 459 1112 custodem
490 1046 594 1111 aerarii
627 1046 680 1128 (id
713 1061 763 1112 eat
789 1047 961 1112 draconem
995 1049 1088 1112 iiiunr

158 1157 335 1223 servantem
361 1176 455 1223 aurea
480 1155 810 1242 mala)'pars1m0niae
840 1160 912 1230 esse,
938 1163 1088 1227 laudaro-

157 1283 243 1354 reni:
290 1287 430 1336 attamen
455 1290 526 1352 quac
554 1291 572 1336 a
594 1291 641 1336 rue
663 1273 831 1356 proposita
854 1291 1003 1339 eranrea
1026 1272 1089 1338 niti

156 1387 304 1464 ratione,
335 1401 366 1448 et
392 1385 437 1448 ita
461 1385 527 1448 esse
552 1399 784 1467 attemperata,
816 1403 861 1456 nt·
878 1372 1100 1453 laboraturae

156 1499 263 1578 esset,
287 1517 326 1560 tre
347 1495 464 1561 frustra
485 1515 543 1576 per
567 1515 614 1560 me
637 1499 695 1578 ipsr
720 1501 981 1563 'commendatum
1003 1501 1087 1562 essct

87 1609 97 1651 s
158 1611 223 1680 hoc
249 1608 580 1695 negotium.·Spero
612 1628 680 1674 nun
709 1610 921 1690 irritatoret
951 1631 1023 1694 quae
1052 1613 1087 1676 in
1174 1697 1175 1700 Ἴ
1282 1630 1283 1636 ’

158 1724 276 1790 haere
299 1724 350 1808 egi
360 1751 375 1804 ‚·
397 1735 427 1787 et
449 1729 575 1804 petru,
598 1723 621 1790 sr
647 1743 732 1807 opus
751 1725 812 1806 stt,
838 1741 974 1791 acturus
1001 1724 1083 1821 suna.¹

155 1838 270 1904 Audio
303 1853 408 1902 auteur
437 1853 477 1902 ex
506 1836 641 1916 multis,
671 1839 710 1902 ab
741 1817 892 1921 [diapano
914 1837 1086 1906 'desiderari

155 1951 331 2040 inducias,
361 1949 414 2014 sed
436 1949 630 2034 perbreves,
663 1951 695 2014 in
721 1951 805 2032 spem
826 1950 913 2016 forte
938 1965 1087 2019 motuum

157 2065 343 2141 in'Gallia,
376 2077 432 2127 aut
455 2061 683 2126 distractionis
708 2061 873 2131 sociorum
903 2083 920 2126 a
950 2064 1083 2128 Galliac

157 2192 299 2260 quorum
323 2189 489 2256 utrunque
506 2174 596 2240 Deua
619 2191 757 2242 avertat.
806 2177 1005 2258 Servianus,
1025 2178 1084 2258 qui

155 2293 290 2356 antehac
304 2289 518 2356 ‘Secretarius
541 2287 605 2356 fuit
627 2289 728 2357 status
756 2289 795 2356 ad
821 2304 871 2356 res
899 2269 1013 2370 belii‚·¹
1030 2289 1084 2354 sed

156 2421 213 2486 per
231 2404 436 2470 Cardirralem
457 2410 623 2483 remotus‚'
646 2417 678 2467 ct
694 2411 796 2470 'nunc'
813 2405 969 2489 legationi
992 2404 1086 2468 desti·

58 2533 71 2584 ,’
154 2517 407 2595 narratoria,
445 2515 671 2600 Marchionem
699 2515 877 2582 Bressaenm
909 2519 1011 2596 adiit,
1047 2507 1100 2584 ut'

155 2645 229 2693 curn
254 2643 457 2709 permoveret
489 2630 528 2694 ad
560 2629 776 2696 abdicandum
808 2629 1084 2712 subcompcnsai

154 2741 246 2836 tione
271 2742 412 2810 offi'ciunr
436 2741 701 2825 admiraturus,
733 2743 824 2826 quod
848 2754 960 2830 nempe
986 2744 1087 2830 Regi⁴

153 2873 195 2920 na
223 2854 350 2941 Regens
378 2857 451 2922 dare
479 2859 611 2924 volebat
637 2859 726 2925 Duci
743 2839 1016 2941 'Vendocitiensr‚
1049 2875 1088 2928 ut
1178 2921 1181 2928 ,

154 2950 229 3036 cunr
255 2969 354 3052 ipsius
380 2973 466 3036 bona
488 2973 658 3052 voluntate
687 2973 848 3036 obrineret
876 2973 935 3038 srbi
961 2975 1087 3058 Regina

137 3063 330 3182 xliri'tanniae
340 3086 521 3150 Armoricae
545 3083 795 3166 praefecturam,
819 3105 892 3166 quae
916 3083 979 3150 fine
1000 3089 1088 3170 peri-

154 3198 231 3264 culo
269 3196 359 3264 reddi
391 3217 457 3264 non
492 3202 603 3282 posset
636 3197 896 3281 vendourensi,
932 3200 1089 3284 qur-earo

155 3301 234 3376 olinr
262 3313 399 3394 habuit,
430 3313 521 3398 quod
552 3327 583 3378 et
610 3314 661 3379 ius
697 3313 755 3380 fibi
789 3313 821 3376 in
851 3331 917 3378 catu
949 3317 1085 3400 aliquod
1126 3373 1131 3379 .

153 3423 324 3506 assereret,
354 3421 387 3491 et
411 3428 535 3510 magnis
560 3427 606 3490 ibi
629 3425 845 3492 affinitatibus
870 3427 1083 3510 possessioni·

71 3625 77 3638 ‚
152 3538 282 3620 busque
309 3538 396 3606 esset
431 3538 603 3608 subnixus.
681 3539 796 3624 Legati
835 3541 874 3607 ad
910 3561 1019 3628 pacem
1049 3558 1082 3608 et
1135 3623 1138 3629 Δ
1170 3575 1173 3581 ·

156 3669 379 3734 cunctantur,
403 3669 435 3720 et
456 3653 542 3720 forte
564 3653 669 3722 adhuc
690 3641 957 3738 cunctabuntur,
979 3659 1022 3722 ob
1047 3677 1084 3744 ca

112 3779 117 3788 ’
154 3781 226 3846 quae
250 3783 392 3854 aguntur
418 3785 496 3852 pout
527 3763 690 3852 iipariurn.
738 3753 949 3837 (inebriantis
972 3770 1013 3836 ad
1040 3771 1085 3836 n·

99 3885 103 3892 '
154 3878 258 3944 latum
285 3897 406 3947 amnem
434 3863 503 3950 esse*
528 3883 704 3952 scribitur:
759 3885 800 3953 ad
830 3884 974 3954 Licham
1002 3885 1083 3951 Dux

942 4003 947 4020 “
1020 3999 1085 4067 Ca·
