2734 4908
385 261 393 292 Ι

288 399 317 462 r
434 353 1094 470 uuoouroononrr

295 579 441 633 veterum
456 551 799 658 ’‘repetitione'ornnem
822 569 1023 638 Reformetis
1050 568 1118 634 illie
1143 565 1229 632 dena

297 695 403 747 turem
429 695 574 761 metum,
599 681 692 764 quod
715 683 786 748 sane
810 684 885 750 iieri
903 701 991 767 opus
1008 695 1086 762 eet,
1112 696 1151 755 ut
1169 699 1230 745 no·

295 815 372 862 vare
402 795 613 878 cupientibus
640 794 851 861 subtrahatur
888 811 952 862 tatu
986 811 1105 880 potens
1136 812 1231 874 poro·

296 922 433 990 tumque
467 907 662 974 fomentum.
729 909 776 975 Et
814 911 854 976 ad
890 927 958 974 eant
996 929 1061 973 reru
1101 908 1230 974 annitar

298 1037 459 1106 quantum
477 1025 619 1103 potero:
656 1022 809 1088 Castris
835 1021 875 1087 ad
900 1020 1093 1088 Theodonis
1122 1001 1235 1086 viliam

233 1141 237 1149 '
297 1135 547 1204 circumiectum
577 1137 639 1200 ianr
669 1149 720 1200 est
752 1137 874 1201 vallum
908 1136 963 1202 cui
990 1113 1148 1201 firornnelo
1181 1132 1234 1196 in·

298 1248 533 1326 teriiciuntur,
557 1263 594 1314 ut
611 1247 680 1312 fieri
703 1249 806 1328 solet,
826 1251 976 1316 castella.
1007 1248 1088 1330 spes
1107 1259 1158 1310 est
1174 1245 1236 1308 bo·

297 1379 352 1426 nn.
394 1359 472 1444 Quo
494 1356 604 1424 iturus
629 1359 668 1424 srt
687 1358 901 1432 Guebritous
926 1359 1232 1428 ndhuc‘neseimus.

296 1473 378 1540 Dux
402 1473 569 1551 Carolus,
601 1474 624 1538 fi
655 1461 797 1558 pecunie
827 1475 946 1556 detur3
980 1473 1129 1556 promisit
1153 1490 1263 1552 eon-2,

249 1586 252 1596 '
294 1585 479 1670 i'ciptururn
508 1585 537 1646 se
563 1597 642 1647 octo
668 1628 678 1648 .
705 1628 716 1650 .
743 1627 753 1648 .
778 1587 879 1650 millia
903 1587 1057 1651 militum.
1128 1585 1235 1648 Tenet

295 1699 326 1766 se
356 1698 442 1761 inter
472 1695 612 1761 Nicrum
646 1711 680 1760 et
710 1693 876 1764 Rhenum.
944 1698 1069 1784 Regina
1100 1697 1231 1782 Regene

297 1812 419 1896 Regem
443 1807 618 1877 assuefacit
642 1823 680 1874 ut
704 1812 855 1892 quotidie
882 1811 937 1876 det
956 1812 1126 1895 pecuniam
1152 1813 1235 1894 pau·

298 1925 459 2009 peribus,
475 1923 591 1989 diebus
609 1925 784 1993 dominicis
808 1905 918 1992 inulto
931 1929 1022 2011 plus.
1053 1925 1155 1990 'Sunt
1173 1922 1233 2005 qui

296 2038 325 2102 ei
348 2038 502 2119 fundent,
534 2053 571 2102 ut
600 2039 739 2104 obtentu
764 2039 964 2106 necesiitatis
988 2059 1094 2106 rerum
1112 2039 1231 2106 Galliae

297 2153 479 2234 exemplum
508 2147 662 2230 sequatur
692 2152 828 2218 Henriei
851 2137 914 2232 TV,
945 2153 1003 2234 qui
1028 2151 1145 2236 Regno
1173 2151 1232 2214 iuo

297 2263 467 2328 consuluit
499 2263 617 2344 spretis
653 2262 855 2344 foederibus,
894 2285 965 2352 quae
1002 2265 1116 2344 paullo
1157 2276 1231 2328 ante

296 2393 371 2450 curn
394 2377 506 2460 Anglo
529 2375 731 2460 Batavisque
753 2379 896 2459 fenerat,
935 2391 967 2442 et
991 2374 1116 2442 solenni
1142 2377 1230 2468 iura·

296 2505 406 2558 mento
433 2473 630 2558 firmaverat.
687 2493 853 2560 Caeterurn
877 2508 915 2559 ut
935 2505 986 2558 eet
1012 2489 1108 2557 animi
1135 2488 1230 2554 valde

298 2601 463 2688 geneross,
507 2605 636 2666 minime
662 2605 760 2668 credo
784 2623 851 2668 eam
879 2607 1059 2687 parituram
1080 2597 1231 2668 eonsriiie

296 2713 411 2800 porum
436 2715 586 2778 honestis
598 2743 618 2794 ,·
634 2715 715 2800 saepe
733 2726 794 2780 trec
816 2719 914 2782 tutis.
940 2718 995 2783 -Si
1014 2719 1086 2782 Rex
1102 2717 1231 2800 Angliae
1282 2784 1286 2792 ,

296 2826 378 2892 velit
403 2825 486 2889 serio
512 2827 542 2888 se
566 2827 763 2910 obstringere
793 2830 827 2892 in
852 2827 972 2894 foedus·
991 2847 1064 2894 cum
1097 2828 1229 2914 Gallia,
1280 2895 1288 2900 ,

296 2940 438 3027 primum
464 2939 648 3006 adterendo
677 2940 764 3025 srgrra
789 2941 903 3006 deinde
929 2941 967 3006 ad
991 2941 1230 3010 restitutionem

295 3053 525 3135 Palatinntus,
556 3073 624 3122 non
654 3055 777 3121 dubito
807 3035 887 3137 quin
914 3055 1065 3138 futurum
1092 3055 1152 3138 iit,
1192 3070 1251 3141 utj

181 3155 185 3165 ’
295 3168 350 3233 irie
388 3166 473 3229 ratio
506 3169 686 3249 reperiatur
716 3187 789 3232 eum
823 3171 943 3254 Regem
983 3169 1160 3250 reponendi
1184 3168 1229 3258 'in

294 3294 363 3343 earn
397 3291 594 3360 potestatem
633 3300 696 3363 qua
721 3282 768 3348 usi
800 3280 875 3345 sunt
900 3282 1058 3344 hactenus
1087 3280 1226 3354 maiores

296 3391 381 3456 eius.
450 3391 633 3456 Davausrus
660 3397 798 3460 multum
824 3409 935 3476 captet
958 3394 1038 3458 nulae
1070 3389 1227 3460 Romnnte

298 3491 450 3591 gritiar‚5
476 3502 568 3584 quod
594 3523 633 3570 an
663 3507 795 3588 publice
827 3506 976 3591 expedire
1007 3504 1153 3593 censeat,
1186 3526 1226 3574 an

297 3620 330 3690 in
354 3619 425 3701 spes
449 3615 544 3702 suns,¹
568 3635 634 3682 non
656 3619 802 3684 dixerim.
872 3595 875 3600 ¹
1232 3619 1236 3632 '

311 3719 642 3818 ‚lieginr'eliegentis
672 3730 827 3795 valetudo
863 3748 921 3814 per
955 3730 1083 3797 iabores
1115 3734 1232 3814 ponti-¹

295 3865 384 3928 uuor
415 3861 447 3918 et
474 3844 620 3916 insuetos
648 3843 895 3916 labefactaret
923 3844 1007 3914 nihil
1029 3845 1236 3915 reviviscere.
