<?xml version="1.0" encoding="UTF-8"?>
<!DOCTYPE html PUBLIC "-//W3C//DTD XHTML 1.0 Transitional//EN"
    "http://www.w3.org/TR/xhtml1/DTD/xhtml1-transitional.dtd">
<html xmlns="http://www.w3.org/1999/xhtml" xml:lang="en" lang="en">
 <head>
  <title>
</title>
<meta http-equiv="Content-Type" content="text/html;charset=utf-8" />
  <meta name='ocr-system' content='tesseract 3.04.00' />
  <meta name='ocr-capabilities' content='ocr_page ocr_carea ocr_par ocr_line ocrx_word'/>
</head>
<body>
  <div class='ocr_page' id='page_1' title='image "./hugonisgrotiiad00crgoog_0131.png"; bbox 0 0 2734 4904; ppageno 0'>
   <div class='ocr_carea' id='block_1_1' title="bbox 200 413 1044 534">
    <p class='ocr_par' dir='ltr' id='par_1_1' title="bbox 200 413 1044 534">
     <span class='ocr_line' id='line_1_1' title="bbox 200 413 1044 534; baseline -0.007 -12"><span class='ocrx_word' id='word_1_1' title='bbox 200 413 377 522; x_wconf 70' lang='lat' dir='ltr'>¹·:or1&#39;5u</span> <span class='ocrx_word' id='word_1_2' title='bbox 394 457 449 522; x_wconf 60' lang='lat' dir='ltr'>&#39;aa</span> <span class='ocrx_word' id='word_1_3' title='bbox 474 447 517 522; x_wconf 86' lang='lat' dir='ltr'>n.</span> <span class='ocrx_word' id='word_1_4' title='bbox 546 435 935 522; x_wconf 77' lang='lat' dir='ltr'>cortionluuuna.</span> <span class='ocrx_word' id='word_1_5' title='bbox 983 469 1044 534; x_wconf 56' lang='grc' dir='ltr'>ης</span> 
     </span>
    </p>
   </div>
   <div class='ocr_carea' id='block_1_2' title="bbox 104 619 1044 826">
    <p class='ocr_par' dir='ltr' id='par_1_2' title="bbox 104 619 1044 826">
     <span class='ocr_line' id='line_1_2' title="bbox 104 619 1044 722; baseline -0.001 -33"><span class='ocrx_word' id='word_1_6' title='bbox 104 625 173 690; x_wconf 80' lang='lat' dir='ltr'>erit</span> <span class='ocrx_word' id='word_1_7' title='bbox 207 625 412 690; x_wconf 86' lang='lat' dir='ltr'>numerosum</span> <span class='ocrx_word' id='word_1_8' title='bbox 442 625 534 692; x_wconf 88' lang='lat' dir='ltr'>suurn</span> <span class='ocrx_word' id='word_1_9' title='bbox 562 623 724 688; x_wconf 73' lang='lat' dir='ltr'>militem?</span> <span class='ocrx_word' id='word_1_10' title='bbox 778 619 926 686; x_wconf 84' lang='lat' dir='ltr'>Retineri</span> <span class='ocrx_word' id='word_1_11' title='bbox 959 621 1044 722; x_wconf 79' lang='lat' dir='ltr'>idem</span> 
     </span>
     <span class='ocr_line' id='line_1_3' title="bbox 108 735 1044 826; baseline -0.001 -25"><span class='ocrx_word' id='word_1_12' title='bbox 108 757 198 818; x_wconf 91' lang='lat' dir='ltr'>non,</span> <span class='ocrx_word' id='word_1_13' title='bbox 216 737 282 814; x_wconf 77' lang='lat' dir='ltr'>sene</span> <span class='ocrx_word' id='word_1_14' title='bbox 299 759 415 826; x_wconf 81' lang='lat' dir='ltr'>magno</span> <span class='ocrx_word' id='word_1_15' title='bbox 433 740 505 804; x_wconf 88' lang='lat' dir='ltr'>eius</span> <span class='ocrx_word' id='word_1_16' title='bbox 527 739 776 818; x_wconf 82' lang='lat' dir='ltr'>vicinarumque</span> <span class='ocrx_word' id='word_1_17' title='bbox 796 735 1044 820; x_wconf 87' lang='lat' dir='ltr'>provinciarum</span> 
     </span>
    </p>
   </div>
   <div class='ocr_carea' id='block_1_3' title="bbox 7 851 1042 942">
    <p class='ocr_par' dir='ltr' id='par_1_3' title="bbox 7 851 1042 942">
     <span class='ocr_line' id='line_1_4' title="bbox 7 851 1042 942; baseline -0.002 -26"><span class='ocrx_word' id='word_1_18' title='bbox 7 935 9 942; x_wconf 28' lang='grc' dir='ltr'>Ι</span> <span class='ocrx_word' id='word_1_19' title='bbox 93 870 227 934; x_wconf 83' lang='lat' dir='ltr'>¹onere,</span> <span class='ocrx_word' id='word_1_20' title='bbox 245 866 278 918; x_wconf 90' lang='lat' dir='ltr'>et</span> <span class='ocrx_word' id='word_1_21' title='bbox 295 853 487 935; x_wconf 87' lang='lat' dir='ltr'>suspicione</span> <span class='ocrx_word' id='word_1_22' title='bbox 504 852 723 918; x_wconf 81' lang='lat' dir='ltr'>federatorunr</span> <span class='ocrx_word' id='word_1_23' title='bbox 734 851 945 937; x_wconf 81' lang='lat' dir='ltr'>Regnorum,</span> <span class='ocrx_word' id='word_1_24' title='bbox 961 867 1042 934; x_wconf 77' lang='lat' dir='ltr'>pos-</span> 
     </span>
    </p>
   </div>
   <div class='ocr_carea' id='block_1_4' title="bbox 51 963 1044 1278">
    <p class='ocr_par' dir='ltr' id='par_1_4' title="bbox 51 963 1044 1278">
     <span class='ocr_line' id='line_1_5' title="bbox 105 963 1044 1045; baseline -0.002 -16"><span class='ocrx_word' id='word_1_25' title='bbox 105 964 167 1031; x_wconf 88' lang='lat' dir='ltr'>set.</span> <span class='ocrx_word' id='word_1_26' title='bbox 215 967 273 1032; x_wconf 87' lang='lat' dir='ltr'>Sin</span> <span class='ocrx_word' id='word_1_27' title='bbox 290 985 368 1032; x_wconf 86' lang='lat' dir='ltr'>vero</span> <span class='ocrx_word' id='word_1_28' title='bbox 385 981 596 1036; x_wconf 82' lang='lat' dir='ltr'><strong>exauctorare</strong></span> <span class='ocrx_word' id='word_1_29' title='bbox 613 967 751 1033; x_wconf 87' lang='lat' dir='ltr'>eundem</span> <span class='ocrx_word' id='word_1_30' title='bbox 770 966 935 1045; x_wconf 76' lang='lat' dir='ltr'>uoluerit,</span> <span class='ocrx_word' id='word_1_31' title='bbox 954 963 1044 1030; x_wconf 87' lang='lat' dir='ltr'>haud</span> 
     </span>
     <span class='ocr_line' id='line_1_6' title="bbox 51 1077 1041 1164; baseline -0.002 -24"><span class='ocrx_word' id='word_1_32' title='bbox 51 1108 53 1113; x_wconf 96' lang='lat'>·</span> <span class='ocrx_word' id='word_1_33' title='bbox 106 1077 206 1142; x_wconf 90' lang='lat' dir='ltr'>dubie</span> <span class='ocrx_word' id='word_1_34' title='bbox 236 1079 447 1161; x_wconf 71' lang='lat' dir='ltr'>Caesarianae,</span> <span class='ocrx_word' id='word_1_35' title='bbox 490 1092 557 1146; x_wconf 90' lang='lat' dir='ltr'>non</span> <span class='ocrx_word' id='word_1_36' title='bbox 591 1096 714 1146; x_wconf 88' lang='lat' dir='ltr'>nosrrae</span> <span class='ocrx_word' id='word_1_37' title='bbox 750 1081 858 1164; x_wconf 85' lang='lat' dir='ltr'>parti,</span> <span class='ocrx_word' id='word_1_38' title='bbox 895 1078 1041 1142; x_wconf 66' lang='lat' dir='ltr'>accedetr</span> 
     </span>
     <span class='ocr_line' id='line_1_7' title="bbox 105 1171 1044 1278; baseline -0.001 -24"><span class='ocrx_word' id='word_1_39' title='bbox 105 1190 319 1278; x_wconf 82' lang='lat' dir='ltr'>Quocunque</span> <span class='ocrx_word' id='word_1_40' title='bbox 350 1211 439 1278; x_wconf 81' lang='lat' dir='ltr'>ergo</span> <span class='ocrx_word' id='word_1_41' title='bbox 464 1194 562 1258; x_wconf 89' lang='lat' dir='ltr'>modo</span> <span class='ocrx_word' id='word_1_42' title='bbox 606 1171 800 1258; x_wconf 72' lang='lat' dir='ltr'>uavarienm</span> <span class='ocrx_word' id='word_1_43' title='bbox 837 1193 1044 1273; x_wconf 82' lang='lat' dir='ltr'>postulatum</span> 
     </span>
    </p>
   </div>
   <div class='ocr_carea' id='block_1_5' title="bbox 20 1305 1043 1512">
    <p class='ocr_par' dir='ltr' id='par_1_5' title="bbox 20 1305 1043 1512">
     <span class='ocr_line' id='line_1_8' title="bbox 101 1305 1041 1386; baseline -0.003 -18"><span class='ocrx_word' id='word_1_44' title='bbox 101 1306 365 1384; x_wconf 59' lang='lat' dir='ltr'>versavimus,</span> <span class='ocrx_word' id='word_1_45' title='bbox 390 1307 647 1386; x_wconf 79' lang='lat' dir='ltr'>deprehenditur</span> <span class='ocrx_word' id='word_1_46' title='bbox 673 1305 861 1370; x_wconf 83' lang='lat' dir='ltr'>infidiosonr</span> <span class='ocrx_word' id='word_1_47' title='bbox 889 1321 921 1370; x_wconf 87' lang='lat' dir='ltr'>et</span> <span class='ocrx_word' id='word_1_48' title='bbox 948 1307 1041 1373; x_wconf 85' lang='lat' dir='ltr'>intu-</span> 
     </span>
     <span class='ocr_line' id='line_1_9' title="bbox 20 1394 1043 1512; baseline -0.004 -30"><span class='ocrx_word' id='word_1_49' title='bbox 20 1457 27 1473; x_wconf 72' lang='grc'><strong>«</strong></span> <span class='ocrx_word' id='word_1_50' title='bbox 64 1417 190 1512; x_wconf 31' lang='grc' dir='ltr'><strong>[ωσι.</strong></span> <span class='ocrx_word' id='word_1_51' title='bbox 253 1419 367 1496; x_wconf 80' lang='lat' dir='ltr'>litque</span> <span class='ocrx_word' id='word_1_52' title='bbox 395 1414 468 1480; x_wconf 85' lang='lat' dir='ltr'>ideo</span> <span class='ocrx_word' id='word_1_53' title='bbox 492 1435 510 1479; x_wconf 85' lang='lat' dir='ltr'>a</span> <span class='ocrx_word' id='word_1_54' title='bbox 533 1394 643 1496; x_wconf 70' lang='lat' dir='ltr'>Gallia</span> <span class='ocrx_word' id='word_1_55' title='bbox 671 1437 758 1480; x_wconf 87' lang='lat' dir='ltr'>nunc</span> <span class='ocrx_word' id='word_1_56' title='bbox 783 1419 898 1482; x_wconf 91' lang='lat' dir='ltr'>rnerito</span> <span class='ocrx_word' id='word_1_57' title='bbox 924 1435 1043 1497; x_wconf 55' lang='lat' dir='ltr'>expec«</span> 
     </span>
    </p>
   </div>
   <div class='ocr_carea' id='block_1_6' title="bbox 5 1529 1107 2522">
    <p class='ocr_par' dir='ltr' id='par_1_6' title="bbox 5 1529 1107 2522">
     <span class='ocr_line' id='line_1_10' title="bbox 103 1529 1042 1611; baseline -0.003 -19"><span class='ocrx_word' id='word_1_58' title='bbox 103 1543 213 1594; x_wconf 85' lang='lat' dir='ltr'>tanaus</span> <span class='ocrx_word' id='word_1_59' title='bbox 241 1529 454 1610; x_wconf 55' lang='lat' dir='ltr'>validiorema</span> <span class='ocrx_word' id='word_1_60' title='bbox 480 1546 576 1610; x_wconf 88' lang='lat' dir='ltr'>quana</span> <span class='ocrx_word' id='word_1_61' title='bbox 599 1529 758 1611; x_wconf 78' lang='lat' dir='ltr'>antehac,</span> <span class='ocrx_word' id='word_1_62' title='bbox 782 1546 944 1592; x_wconf 87' lang='lat' dir='ltr'>armorum</span> <span class='ocrx_word' id='word_1_63' title='bbox 971 1546 1042 1590; x_wconf 88' lang='lat' dir='ltr'>mo·</span> 
     </span>
     <span class='ocr_line' id='line_1_11' title="bbox 103 1631 1042 1722; baseline -0.004 -14"><span class='ocrx_word' id='word_1_64' title='bbox 103 1644 226 1708; x_wconf 82' lang='lat' dir='ltr'>tionem</span> <span class='ocrx_word' id='word_1_65' title='bbox 250 1656 368 1708; x_wconf 84' lang='lat' dir='ltr'>contra</span> <span class='ocrx_word' id='word_1_66' title='bbox 393 1631 585 1720; x_wconf 61' lang='lat' dir='ltr'>Bavarianr‘,</span> <span class='ocrx_word' id='word_1_67' title='bbox 609 1655 663 1720; x_wconf 79' lang='lat' dir='ltr'>et,</span> <span class='ocrx_word' id='word_1_68' title='bbox 687 1639 798 1706; x_wconf 86' lang='lat' dir='ltr'>srfieri</span> <span class='ocrx_word' id='word_1_69' title='bbox 814 1653 948 1722; x_wconf 57' lang='lat' dir='ltr'>poteste</span> <span class='ocrx_word' id='word_1_70' title='bbox 973 1658 1042 1707; x_wconf 88' lang='lat' dir='ltr'>uon</span> 
     </span>
     <span class='ocr_line' id='line_1_12' title="bbox 6 1752 1041 1844; baseline -0.005 -23"><span class='ocrx_word' id='word_1_71' title='bbox 6 1759 8 1772; x_wconf 71' lang='lat'><strong>¹</strong></span> <span class='ocrx_word' id='word_1_72' title='bbox 99 1757 353 1844; x_wconf 81' lang='lat' dir='ltr'>translationem</span> <span class='ocrx_word' id='word_1_73' title='bbox 378 1755 412 1818; x_wconf 91' lang='lat' dir='ltr'>iu</span> <span class='ocrx_word' id='word_1_74' title='bbox 433 1752 656 1817; x_wconf 83' lang='lat' dir='ltr'>haereditarias</span> <span class='ocrx_word' id='word_1_75' title='bbox 680 1754 938 1820; x_wconf 87' lang='lat' dir='ltr'>Austriacorum</span> <span class='ocrx_word' id='word_1_76' title='bbox 962 1772 1041 1833; x_wconf 91' lang='lat' dir='ltr'>pro·</span> 
     </span>
     <span class='ocr_line' id='line_1_13' title="bbox 6 1841 1037 1947; baseline 0 -17"><span class='ocrx_word' id='word_1_77' title='bbox 6 1847 7 1862; x_wconf 17' lang='grc' dir='ltr'>ἢ</span> <span class='ocrx_word' id='word_1_78' title='bbox 85 1869 252 1934; x_wconf 72' lang='lat' dir='ltr'>&#39;vinciasc</span> <span class='ocrx_word' id='word_1_79' title='bbox 300 1879 339 1931; x_wconf 90' lang='lat' dir='ltr'>ut</span> <span class='ocrx_word' id='word_1_80' title='bbox 363 1865 409 1930; x_wconf 84' lang='lat' dir='ltr'>ita</span> <span class='ocrx_word' id='word_1_81' title='bbox 429 1863 562 1930; x_wconf 84' lang='lat' dir='ltr'>videant</span> <span class='ocrx_word' id='word_1_82' title='bbox 591 1864 739 1930; x_wconf 72' lang='lat' dir='ltr'>Balarus</span> <span class='ocrx_word' id='word_1_83' title='bbox 765 1841 911 1947; x_wconf 78' lang='lat' dir='ltr'>aliique,</span> <span class='ocrx_word' id='word_1_84' title='bbox 934 1867 1037 1930; x_wconf 86' lang='lat' dir='ltr'>sederi</span> 
     </span>
     <span class='ocr_line' id='line_1_14' title="bbox 102 1971 1041 2060; baseline -0.006 -12"><span class='ocrx_word' id='word_1_85' title='bbox 102 1979 280 2048; x_wconf 82' lang='lat' dir='ltr'>dissuendd</span> <span class='ocrx_word' id='word_1_86' title='bbox 312 1971 547 2057; x_wconf 85' lang='lat' dir='ltr'>illaborantes‚</span> <span class='ocrx_word' id='word_1_87' title='bbox 582 1978 613 2041; x_wconf 91' lang='lat' dir='ltr'>se</span> <span class='ocrx_word' id='word_1_88' title='bbox 638 1993 671 2042; x_wconf 86' lang='lat' dir='ltr'>et</span> <span class='ocrx_word' id='word_1_89' title='bbox 693 1993 823 2060; x_wconf 83' lang='lat' dir='ltr'>tempus</span> <span class='ocrx_word' id='word_1_90' title='bbox 851 1995 884 2042; x_wconf 88' lang='lat' dir='ltr'>et</span> <span class='ocrx_word' id='word_1_91' title='bbox 908 1998 1041 2060; x_wconf 84' lang='lat' dir='ltr'>operam</span> 
     </span>
     <span class='ocr_line' id='line_1_15' title="bbox 6 2071 1040 2182; baseline -0.004 -22"><span class='ocrx_word' id='word_1_92' title='bbox 6 2169 7 2176; x_wconf 7' lang='grc' dir='ltr'>ἵ</span> <span class='ocrx_word' id='word_1_93' title='bbox 101 2093 262 2182; x_wconf 73' lang='lat' dir='ltr'>perdere,&#39;</span> <span class='ocrx_word' id='word_1_94' title='bbox 279 2089 368 2174; x_wconf 86' lang='lat' dir='ltr'>apud</span> <span class='ocrx_word' id='word_1_95' title='bbox 393 2099 457 2156; x_wconf 84' lang='lat' dir='ltr'>tam</span> <span class='ocrx_word' id='word_1_96' title='bbox 482 2090 568 2156; x_wconf 82' lang='lat' dir='ltr'>fidos</span> <span class='ocrx_word' id='word_1_97' title='bbox 598 2105 633 2156; x_wconf 88' lang='lat' dir='ltr'>et</span> <span class='ocrx_word' id='word_1_98' title='bbox 663 2071 848 2158; x_wconf 81' lang='lat' dir='ltr'>constantes</span> <span class='ocrx_word' id='word_1_99' title='bbox 874 2111 1040 2156; x_wconf 79' lang='lat' dir='ltr'>armorum</span> 
     </span>
     <span class='ocr_line' id='line_1_16' title="bbox 101 2191 1040 2314; baseline -0.008 -40"><span class='ocrx_word' id='word_1_100' title='bbox 101 2207 380 2314; x_wconf 80' lang='lat' dir='ltr'>confiliorumque</span> <span class='ocrx_word' id='word_1_101' title='bbox 403 2205 543 2271; x_wconf 84' lang='lat' dir='ltr'>socios.</span> <span class='ocrx_word' id='word_1_102' title='bbox 574 2205 651 2270; x_wconf 83' lang='lat' dir='ltr'>Hoc&#39;</span> <span class='ocrx_word' id='word_1_103' title='bbox 679 2191 784 2290; x_wconf 90' lang='lat' dir='ltr'>ipsum</span> <span class='ocrx_word' id='word_1_104' title='bbox 816 2206 906 2286; x_wconf 89' lang='lat' dir='ltr'>quod</span> <span class='ocrx_word' id='word_1_105' title='bbox 927 2206 1040 2288; x_wconf 89' lang='lat' dir='ltr'>requi-</span> 
     </span>
     <span class='ocr_line' id='line_1_17' title="bbox 5 2317 1107 2412; baseline -0.006 -24"><span class='ocrx_word' id='word_1_106' title='bbox 5 2373 6 2412; x_wconf 57' lang='lat'><em>3</em></span> <span class='ocrx_word' id='word_1_107' title='bbox 37 2404 40 2410; x_wconf 68' lang='lat'><em>,</em></span> <span class='ocrx_word' id='word_1_108' title='bbox 101 2323 231 2408; x_wconf 77' lang='lat' dir='ltr'>timue,</span> <span class='ocrx_word' id='word_1_109' title='bbox 268 2335 336 2384; x_wconf 89' lang='lat' dir='ltr'>non</span> <span class='ocrx_word' id='word_1_110' title='bbox 369 2319 468 2383; x_wconf 89' lang='lat' dir='ltr'>modo</span> <span class='ocrx_word' id='word_1_111' title='bbox 501 2318 604 2386; x_wconf 86' lang='lat' dir='ltr'>sederi</span> <span class='ocrx_word' id='word_1_112' title='bbox 636 2333 688 2386; x_wconf 87' lang='lat' dir='ltr'>est</span> <span class='ocrx_word' id='word_1_113' title='bbox 720 2322 946 2399; x_wconf 72' lang='lat' dir='ltr'>conueniens,</span> <span class='ocrx_word' id='word_1_114' title='bbox 986 2317 1040 2382; x_wconf 89' lang='lat' dir='ltr'>sed</span> <span class='ocrx_word' id='word_1_115' title='bbox 1103 2359 1107 2370; x_wconf 82' lang='lat'><strong>·</strong></span> 
     </span>
     <span class='ocr_line' id='line_1_18' title="bbox 5 2423 1039 2522; baseline -0.008 -20"><span class='ocrx_word' id='word_1_116' title='bbox 5 2429 7 2500; x_wconf 72' lang='lat' dir='ltr'>i</span> <span class='ocrx_word' id='word_1_117' title='bbox 100 2433 270 2522; x_wconf 81' lang='lat' dir='ltr'>promissis</span> <span class='ocrx_word' id='word_1_118' title='bbox 294 2431 411 2510; x_wconf 83' lang='lat' dir='ltr'>etiarn,</span> <span class='ocrx_word' id='word_1_119' title='bbox 453 2429 584 2514; x_wconf 85' lang='lat' dir='ltr'>prolixe</span> <span class='ocrx_word' id='word_1_120' title='bbox 615 2429 695 2495; x_wconf 86' lang='lat' dir='ltr'>adeo</span> <span class='ocrx_word' id='word_1_121' title='bbox 720 2423 787 2494; x_wconf 84' lang='lat' dir='ltr'>fact</span> <span class='ocrx_word' id='word_1_122' title='bbox 791 2431 888 2496; x_wconf 87' lang='lat' dir='ltr'>isD</span> <span class='ocrx_word' id='word_1_123' title='bbox 910 2431 1039 2495; x_wconf 88' lang='lat' dir='ltr'>Mares-</span> 
     </span>
    </p>
   </div>
   <div class='ocr_carea' id='block_1_7' title="bbox 5 2543 1038 2644">
    <p class='ocr_par' dir='ltr' id='par_1_7' title="bbox 5 2543 1038 2644">
     <span class='ocr_line' id='line_1_19' title="bbox 5 2543 1038 2644; baseline -0.005 -31"><span class='ocrx_word' id='word_1_124' title='bbox 5 2569 6 2576; x_wconf 52' lang='lat'><em>*</em></span> <span class='ocrx_word' id='word_1_125' title='bbox 101 2549 188 2614; x_wconf 88' lang='lat' dir='ltr'>callo</span> <span class='ocrx_word' id='word_1_126' title='bbox 208 2543 465 2622; x_wconf 79' lang='lat' dir='ltr'>Torstensonio,</span> <span class='ocrx_word' id='word_1_127' title='bbox 489 2557 522 2606; x_wconf 91' lang='lat' dir='ltr'>et</span> <span class='ocrx_word' id='word_1_128' title='bbox 545 2543 644 2608; x_wconf 88' lang='lat' dir='ltr'>nobis</span> <span class='ocrx_word' id='word_1_129' title='bbox 666 2543 720 2607; x_wconf 89' lang='lat' dir='ltr'>lric</span> <span class='ocrx_word' id='word_1_130' title='bbox 748 2543 908 2644; x_wconf 82' lang='lat' dir='ltr'>uberrime</span> <span class='ocrx_word' id='word_1_131' title='bbox 932 2545 1038 2608; x_wconf 87' lang='lat' dir='ltr'>decla-</span> 
     </span>
    </p>
   </div>
   <div class='ocr_carea' id='block_1_8' title="bbox 5 2647 1037 3992">
    <p class='ocr_par' dir='ltr' id='par_1_8' title="bbox 5 2647 1037 3774">
     <span class='ocr_line' id='line_1_20' title="bbox 5 2647 1035 2742; baseline -0.007 -13"><span class='ocrx_word' id='word_1_132' title='bbox 5 2647 7 2670; x_wconf 74' lang='lat'><em>&#39;</em></span> <span class='ocrx_word' id='word_1_133' title='bbox 98 2662 204 2741; x_wconf 84' lang='lat' dir='ltr'>ratis,</span> <span class='ocrx_word' id='word_1_134' title='bbox 229 2675 286 2742; x_wconf 89' lang='lat' dir='ltr'>per</span> <span class='ocrx_word' id='word_1_135' title='bbox 301 2658 516 2724; x_wconf 88' lang='lat' dir='ltr'>D.Baronem</span> <span class='ocrx_word' id='word_1_136' title='bbox 528 2657 763 2722; x_wconf 85' lang='lat' dir='ltr'>Ananiuriunr.</span> <span class='ocrx_word' id='word_1_137' title='bbox 808 2657 855 2721; x_wconf 90' lang='lat' dir='ltr'>D.</span> <span class='ocrx_word' id='word_1_138' title='bbox 879 2655 1035 2722; x_wconf 88' lang='lat' dir='ltr'>Torsten·</span> 
     </span>
     <span class='ocr_line' id='line_1_21' title="bbox 99 2768 1037 2852; baseline -0.006 -12"><span class='ocrx_word' id='word_1_139' title='bbox 99 2775 238 2852; x_wconf 91' lang='lat' dir='ltr'>sonius,</span> <span class='ocrx_word' id='word_1_140' title='bbox 271 2771 376 2838; x_wconf 85' lang='lat' dir='ltr'>fretus</span> <span class='ocrx_word' id='word_1_141' title='bbox 399 2771 579 2838; x_wconf 79' lang='lat' dir='ltr'>certissrmi</span> <span class='ocrx_word' id='word_1_142' title='bbox 603 2770 787 2836; x_wconf 87' lang='lat' dir='ltr'>Galliarum</span> <span class='ocrx_word' id='word_1_143' title='bbox 813 2768 1037 2851; x_wconf 68' lang='lat' dir='ltr'>discessrone,</span> 
     </span>
     <span class='ocr_line' id='line_1_22' title="bbox 98 2873 1034 2970; baseline -0.006 -15"><span class='ocrx_word' id='word_1_144' title='bbox 98 2907 164 2955; x_wconf 87' lang='lat' dir='ltr'>reru</span> <span class='ocrx_word' id='word_1_145' title='bbox 195 2889 290 2970; x_wconf 78' lang='lat' dir='ltr'>longe</span> <span class='ocrx_word' id='word_1_146' title='bbox 324 2873 567 2962; x_wconf 87' lang='lat' dir='ltr'>difficillimam,</span> <span class='ocrx_word' id='word_1_147' title='bbox 603 2883 822 2949; x_wconf 84' lang='lat' dir='ltr'>Caesarianurn</span> <span class='ocrx_word' id='word_1_148' title='bbox 853 2887 1034 2949; x_wconf 85' lang='lat' dir='ltr'>exercitum</span> 
     </span>
     <span class='ocr_line' id='line_1_23' title="bbox 99 2979 1036 3084; baseline -0.005 -20"><span class='ocrx_word' id='word_1_149' title='bbox 99 3002 135 3074; x_wconf 80' lang='lat' dir='ltr'>in</span> <span class='ocrx_word' id='word_1_150' title='bbox 158 2999 235 3084; x_wconf 85' lang='lat' dir='ltr'>ipsra</span> <span class='ocrx_word' id='word_1_151' title='bbox 255 2988 395 3074; x_wconf 74' lang='lat' dir='ltr'>Caesarip</span> <span class='ocrx_word' id='word_1_152' title='bbox 414 2979 626 3080; x_wconf 77' lang='lat' dir='ltr'>provinciis,</span> <span class='ocrx_word' id='word_1_153' title='bbox 643 2991 815 3080; x_wconf 71' lang='lat' dir='ltr'>aggreosus</span> <span class='ocrx_word' id='word_1_154' title='bbox 839 3010 910 3074; x_wconf 85' lang='lat' dir='ltr'>est,</span> <span class='ocrx_word' id='word_1_155' title='bbox 941 3011 1036 3060; x_wconf 84' lang='lat' dir='ltr'>eum-</span> 
     </span>
     <span class='ocr_line' id='line_1_24' title="bbox 43 3107 1036 3196; baseline -0.003 -17"><span class='ocrx_word' id='word_1_156' title='bbox 43 3187 46 3194; x_wconf 17' lang='lat'><em>*</em></span> <span class='ocrx_word' id='word_1_157' title='bbox 99 3130 163 3196; x_wconf 93' lang='lat' dir='ltr'>que</span> <span class='ocrx_word' id='word_1_158' title='bbox 199 3129 266 3178; x_wconf 90' lang='lat' dir='ltr'>non</span> <span class='ocrx_word' id='word_1_159' title='bbox 302 3109 403 3178; x_wconf 86' lang='lat' dir='ltr'>ruodo</span> <span class='ocrx_word' id='word_1_160' title='bbox 429 3124 543 3190; x_wconf 85' lang='lat' dir='ltr'>aperto</span> <span class='ocrx_word' id='word_1_161' title='bbox 568 3109 677 3174; x_wconf 86' lang='lat' dir='ltr'>Marte</span> <span class='ocrx_word' id='word_1_162' title='bbox 705 3107 815 3188; x_wconf 84' lang='lat' dir='ltr'>fudit,</span> <span class='ocrx_word' id='word_1_163' title='bbox 846 3107 899 3172; x_wconf 88' lang='lat' dir='ltr'>sed</span> <span class='ocrx_word' id='word_1_164' title='bbox 934 3110 1036 3178; x_wconf 78' lang='lat' dir='ltr'>erinna</span> 
     </span>
     <span class='ocr_line' id='line_1_25' title="bbox 97 3213 1034 3310; baseline -0.006 -16"><span class='ocrx_word' id='word_1_165' title='bbox 97 3224 214 3310; x_wconf 77' lang='lat' dir='ltr'>insigni</span> <span class='ocrx_word' id='word_1_166' title='bbox 239 3213 296 3290; x_wconf 87' lang='lat' dir='ltr'>illa</span> <span class='ocrx_word' id='word_1_167' title='bbox 331 3222 473 3288; x_wconf 86' lang='lat' dir='ltr'>victoria</span> <span class='ocrx_word' id='word_1_168' title='bbox 494 3219 597 3302; x_wconf 75' lang='lat' dir='ltr'>usne,</span> <span class='ocrx_word' id='word_1_169' title='bbox 623 3217 658 3286; x_wconf 93' lang='lat' dir='ltr'>in</span> <span class='ocrx_word' id='word_1_170' title='bbox 692 3221 886 3301; x_wconf 74' lang='lat' dir='ltr'>Austrum,</span> <span class='ocrx_word' id='word_1_171' title='bbox 920 3226 1034 3304; x_wconf 80' lang='lat' dir='ltr'>quoad</span> 
     </span>
     <span class='ocr_line' id='line_1_26' title="bbox 5 3335 1034 3424; baseline -0.002 -18"><span class='ocrx_word' id='word_1_172' title='bbox 5 3349 7 3424; x_wconf 15' lang='grc' dir='ltr'>ᾇ</span> <span class='ocrx_word' id='word_1_173' title='bbox 97 3339 168 3406; x_wconf 89' lang='lat' dir='ltr'>fieri</span> <span class='ocrx_word' id='word_1_174' title='bbox 189 3352 325 3422; x_wconf 88' lang='lat' dir='ltr'>potest,</span> <span class='ocrx_word' id='word_1_175' title='bbox 353 3338 413 3402; x_wconf 87' lang='lat' dir='ltr'>ianr</span> <span class='ocrx_word' id='word_1_176' title='bbox 438 3335 660 3420; x_wconf 88' lang='lat' dir='ltr'>persequitur.</span> <span class='ocrx_word' id='word_1_177' title='bbox 705 3335 831 3400; x_wconf 85' lang='lat' dir='ltr'>Interea</span> <span class='ocrx_word' id='word_1_178' title='bbox 857 3336 1034 3404; x_wconf 85' lang='lat' dir='ltr'>Caesariani</span> 
     </span>
     <span class='ocr_line' id='line_1_27' title="bbox 5 3439 1032 3530; baseline 0.006 -18"><span class='ocrx_word' id='word_1_179' title='bbox 5 3503 13 3512; x_wconf 87' lang='lat'>..</span> <span class='ocrx_word' id='word_1_180' title='bbox 97 3439 217 3518; x_wconf 79' lang='lat' dir='ltr'>defensi</span> <span class='ocrx_word' id='word_1_181' title='bbox 250 3451 429 3528; x_wconf 82' lang='lat' dir='ltr'>Danubio,</span> <span class='ocrx_word' id='word_1_182' title='bbox 478 3462 510 3510; x_wconf 86' lang='lat' dir='ltr'>et</span> <span class='ocrx_word' id='word_1_183' title='bbox 533 3447 710 3530; x_wconf 69' lang='lat' dir='ltr'>{suppetiae</span> <span class='ocrx_word' id='word_1_184' title='bbox 744 3449 866 3516; x_wconf 88' lang='lat' dir='ltr'>ferente</span> <span class='ocrx_word' id='word_1_185' title='bbox 903 3453 1032 3518; x_wconf 82' lang='lat' dir='ltr'>Bavaro</span> 
     </span>
     <span class='ocr_line' id='line_1_28' title="bbox 5 3560 1029 3651; baseline 0.004 -23"><span class='ocrx_word' id='word_1_186' title='bbox 5 3561 7 3628; x_wconf 68' lang='grc' dir='ltr'><em>ὲ</em></span> <span class='ocrx_word' id='word_1_187' title='bbox 98 3567 258 3650; x_wconf 77' lang='lat' dir='ltr'>aliisque,</span> <span class='ocrx_word' id='word_1_188' title='bbox 301 3580 408 3629; x_wconf 86' lang='lat' dir='ltr'>rerurn</span> <span class='ocrx_word' id='word_1_189' title='bbox 449 3560 586 3632; x_wconf 86' lang='lat' dir='ltr'>suorum</span> <span class='ocrx_word' id='word_1_190' title='bbox 617 3563 796 3648; x_wconf 83' lang='lat' dir='ltr'>satagunt,</span> <span class='ocrx_word' id='word_1_191' title='bbox 834 3568 1029 3651; x_wconf 81' lang='lat' dir='ltr'>colligentes</span> 
     </span>
     <span class='ocr_line' id='line_1_29' title="bbox 5 3675 1027 3774; baseline 0 -30"><span class='ocrx_word' id='word_1_192' title='bbox 5 3771 6 3774; x_wconf 8' lang='grc' dir='ltr'><strong>Ἴ</strong></span> <span class='ocrx_word' id='word_1_193' title='bbox 98 3679 298 3758; x_wconf 86' lang='lat' dir='ltr'>exercitum,</span> <span class='ocrx_word' id='word_1_194' title='bbox 329 3677 504 3756; x_wconf 83' lang='lat' dir='ltr'>maiorem,</span> <span class='ocrx_word' id='word_1_195' title='bbox 539 3697 634 3760; x_wconf 84' lang='lat' dir='ltr'>quarn</span> <span class='ocrx_word' id='word_1_196' title='bbox 659 3675 748 3756; x_wconf 88' lang='lat' dir='ltr'>fuit,</span> <span class='ocrx_word' id='word_1_197' title='bbox 770 3680 836 3760; x_wconf 64' lang='lat' dir='ltr'>:qui</span> <span class='ocrx_word' id='word_1_198' title='bbox 859 3682 892 3744; x_wconf 93' lang='lat' dir='ltr'>in</span> <span class='ocrx_word' id='word_1_199' title='bbox 915 3679 1027 3764; x_wconf 90' lang='lat' dir='ltr'>supra-</span> 
     </span>
    </p>

    <p class='ocr_par' dir='ltr' id='par_1_9' title="bbox 83 3791 1027 3890">
     <span class='ocr_line' id='line_1_30' title="bbox 83 3791 1027 3890; baseline 0.002 -32"><span class='ocrx_word' id='word_1_200' title='bbox 83 3792 402 3872; x_wconf 80' lang='lat' dir='ltr'>,nominatoproelio</span> <span class='ocrx_word' id='word_1_201' title='bbox 422 3791 619 3874; x_wconf 83' lang='lat' dir='ltr'>comparuit.</span> <span class='ocrx_word' id='word_1_202' title='bbox 666 3791 768 3890; x_wconf 80' lang='lat' dir='ltr'>Quod</span> <span class='ocrx_word' id='word_1_203' title='bbox 790 3793 812 3860; x_wconf 89' lang='lat' dir='ltr'><strong>fi</strong></span> <span class='ocrx_word' id='word_1_204' title='bbox 836 3811 914 3877; x_wconf 85' lang='lat' dir='ltr'>ergo</span> <span class='ocrx_word' id='word_1_205' title='bbox 936 3796 1027 3860; x_wconf 88' lang='lat' dir='ltr'>lento</span> 
     </span>
    </p>

    <p class='ocr_par' dir='ltr' id='par_1_10' title="bbox 95 3903 1029 3992">
     <span class='ocr_line' id='line_1_31' title="bbox 95 3903 1029 3992; baseline -0.002 -18"><span class='ocrx_word' id='word_1_206' title='bbox 95 3904 197 3992; x_wconf 74' lang='lat' dir='ltr'>gradu</span> <span class='ocrx_word' id='word_1_207' title='bbox 228 3903 327 3971; x_wconf 87' lang='lat' dir='ltr'>iverit</span> <span class='ocrx_word' id='word_1_208' title='bbox 359 3904 640 3972; x_wconf 79' lang='lat' dir='ltr'>D.Marescnllus</span> <span class='ocrx_word' id='word_1_209' title='bbox 669 3905 707 3972; x_wconf 89' lang='lat' dir='ltr'>de</span> <span class='ocrx_word' id='word_1_210' title='bbox 736 3903 934 3988; x_wconf 82' lang='lat' dir='ltr'>Tourenne,</span> <span class='ocrx_word' id='word_1_211' title='bbox 975 3908 1029 3972; x_wconf 90' lang='lat' dir='ltr'>vel</span> 
     </span>
    </p>
   </div>
   <div class='ocr_carea' id='block_1_9' title="bbox 542 4007 1031 4085">
    <p class='ocr_par' dir='ltr' id='par_1_11' title="bbox 542 4007 1031 4085">
     <span class='ocr_line' id='line_1_32' title="bbox 542 4007 1031 4085; baseline -0.002 0"><span class='ocrx_word' id='word_1_212' title='bbox 542 4007 577 4085; x_wconf 84' lang='lat' dir='ltr'>H</span> <span class='ocrx_word' id='word_1_213' title='bbox 807 4073 820 4082; x_wconf 88' lang='lat'>.</span> <span class='ocrx_word' id='word_1_214' title='bbox 969 4018 1031 4084; x_wconf 80' lang='lat' dir='ltr'>lla·</span> 
     </span>
    </p>
   </div>
   <div class='ocr_carea' id='block_1_10' title="bbox 0 0 1372 4904">
    <p class='ocr_par' dir='ltr' id='par_1_12' title="bbox 0 0 1372 4904">
     <span class='ocr_line' id='line_1_33' title="bbox 0 0 1372 4904; baseline 0 3"><span class='ocrx_word' id='word_1_215' title='bbox 0 0 1372 4904; x_wconf 95' lang='lat' dir='ltr'> </span> 
     </span>
    </p>
   </div>
  </div>
 </body>
</html>
