2734 4904
297 355 369 504 ’,ι
463 383 1130 520 nuoonrsuno'rrr

321 605 361 652 ne
379 583 666 652 D.Torstenionii
683 604 791 667 arma,
814 603 883 652 non
905 586 1018 654 versus
1039 605 1076 654 ca
1099 595 1195 678 loca,
1217 603 1252 668 in
1355 647 1356 650 ,

319 700 443 782 quibus
470 714 521 764 est
550 697 708 780 Princeps
728 697 944 782 Rakoczius,
976 701 1027 768 sed
1050 719 1167 770 contra
1193 708 1253 774 Ba·

317 832 433 880 varum
459 813 489 878 se
512 826 661 892 verrant,
686 833 760 878 cunr
786 833 864 912 quo·
880 813 1007 882 rursum
1032 835 1118 885 nova
1142 820 1177 886 in
1203 837 1254 888 ar·

296 945 403 1016 ⁴cano
437 926 528 996 Galli
557 927 676 993 habent
705 927 914 994 commercia.
979 929 1024 1026 ¹In
1057 933 1253 1006 Crucenaco
1312 958 1314 968 ¹

320 1055 421 1124 capto
447 1033 515 1113 nou
541 1041 708 1108 modicum
737 1041 824 1108 lucri
854 1039 958 1108 fecere
991 1043 1097 1113 Galli.
1167 1051 1255 1119 Nam

314 1147 352 1236 ¹et
408 1134 554 1242 ingentes
593 1169 633 1221 ut
675 1171 787 1240 cepere
831 1157 988 1239 pecunias
1039 1163 1169 1246 exigent
1215 1166 1255 1232 de

319 1247 584 1364 Transrhenanis
604 1271 717 1350 lucia,
732 1287 764 1336 et
781 1270 1003 1350 itinera,iilis
1024 1275 1057 1338 in
1077 1279 1258 1362 partibus,

221 1385 224 1390 ’
318 1384 513 1454 Caeiarianis
539 1397 572 1448 et
594 1383 779 1465 Hispanis,
821 1382 936 1448 versus
960 1385 1107 1470 Belgicae
1141 1408 1255 1474 partes

125 1483 127 1488 ⁵
215 1571 217 1574 ,
315 1499 514 1568 turbabunt.
582 1497 802 1564 Mareacallus
830 1497 972 1566 Turenae
1002 1501 1255 1578 Catzenullebo.

245 1604 248 1610 ”
314 1615 399 1701 giam
427 1631 489 1696 pro
515 1610 725 1694 Landgravia
749 1609 885 1676 Haassca
915 1614 1018 1696 exigit
1052 1617 1256 1685 avDatmsta.

309 1725 427 1804 deuii,
448 1739 482 1788 et
500 1724 635 1808 triginta
655 1721 756 1788 millia
768 1719 992 1790 Thaieroruur
1008 1727 1256 1814 Imperiaiiurn,

311 1847 399 1918 nauti,
424 1857 486 1922 pro
514 1838 603 1917 iliis,
620 1836 716 1908 'mille
741 1855 862 1918 equos.
917 1838 1099 1922 Imperator
1126 1833 1256 1912 nriiera·

312 1957 416 2026 bilem
448 1955 543 2036 plane
567 1951 744 2034 epistotam
770 1949 898 2038 scripsit
928 1953 969 2018 ad
997 1954 1125 2024 Ducem
1148 1957 1257 2024 Baua.
1354 1977 1356 2022 ι

314 2087 410 2149 rum,
448 2082 487 2134 ut
521 2067 560 2134 ab
594 2085 658 2146 eo,
697 2069 796 2133 rebue
827 2065 1076 2152 suisafflictis,
1112 2069 1254 2141 subiidia
1354 2073 1356 2076 ’

314 2181 535 2266 adipiscatur.
584 2180 700 2261 ltaque
722 2179 912 2246 moventia
936 2182 1048 2248 versus
1072 2201 1183 2265 partes
1204 2189 1253 2254 ia-

312 2297 469 2360 borantes
491 2294 661 2358 Wacrtius
684 2315 759 2362 cunr
785 2295 918 2377 equite,
942 2315 1016 2362 curn
1033 2297 1147 2378 'pedite
1160 2297 1254 2386 Mer-

177 2432 206 2494 1„
313 2412 443 2476 ciacus.
498 2407 748 2479 Credunturct
777 2417 817 2474 e'x
845 2409 1014 2497 Hungaria
1040 2414 1144 2495 copiae
1172 2427 1253 2481 ven.

313 2541 398 2592 turae
425 2524 460 2590 in
484 2522 691 2590 Germaniam
718 2539 776 2590 aut
806 2523 1016 2605 Bnhcrniam5
1048 2541 1085 2590 ut
1114 2547 1165 2594 res
1197 2545 1252 2596 tu·

266 2715 269 2723 f
309 2639 425 2706 ierint.
472 2637 651 2715 saxonici,
675 2635 834 2716 quisunt
861 2637 895 2702 in
919 2655 1086 2705 conventu
1108 2641 1254 2709 Franco·

312 2750 473 2828 furtensr,
499 2754 593 2830 (narn
617 2751 646 2814 is
665 2750 853 2814 etiamnunc
875 2750 991 2836 durat)
1018 2753 1250 2838 consentiunt,

313 2880 354 2932 ut
372 2865 547 2932 Electoree
573 2875 631 2927 aut
655 2879 769 2926 eorum
789 2861 886 2946 legati
904 2864 1248 2936 eantMunasteriurn.

313 2976 467 3070 Bavarici
495 2976 557 3044 iarn
580 2976 640 3042 isti
661 2975 772 3042 itineri
797 2975 827 3044 sc
853 2977 979 3044 dedere.
1026 2979 1169 3048 Videtur
1192 3003 1251 3050 au·
1354 3035 1355 3046 ,

310 3110 397 3176 cern,
421 3111 488 3158 non
515 3107 643 3180 tantum
672 3089 888 3174 Electorunr,
913 3092 965 3158 sed
984 3092 1089 3176 :quast
1105 3114 1249 3162 conven-

310 3226 368 3274 tus
399 3207 531 3289 quidam
558 3207 689 3290 Imperii
723 3207 830 3272 totius
862 3205 999 3274 futurus
1034 3210 1246 3276 Menanterii.

311 3321 394 3406 Haec
412 3319 634 3386 Francofurto
656 3319 869 3385 nunciantur.
936 3324 990 3388 Ex
1018 3324 1062 3388 D.
1080 3324 1247 3406 Bryenn'ro

308 3437 411 3500 etiam
442 3435 516 3499 hoc'
534 3435 703 3514 intellexi,
746 3435 885 3502 Gallicae
917 3437 1021 3522 partis
1055 3439 1247 3504 Cardinales

313 3549 420 3616 adhuc
444 3547 592 3611 laborare
619 3548 758 3629 Romae,
792 3569 830 3614 ne
863 3569 903 3614 ex
933 3552 1112 3631 Papalibus
1150 3553 1247 3620 terris

311 3665 405 3730 miles
427 3661 620 3742 Imperatori
641 3663 815 3739 mittatur,
840 3662 919 3743 qui,
944 3664 995 3726 uti
1020 3664 1053 3726 in
1080 3673 1246 3744 potestate

313 3778 376 3842 erit
402 3774 633 3856 Imperatoris,
667 3773 772 3858 possit
797 3781 864 3840 no'n
892 3792 1009 3842 contra
1036 3777 1246 3848 Rakocziuur

315 3889 425 3975 mitti,
449 3888 503 3956 sed
526 3876 643 3956 cunt'ru
667 3887 786 3956 Gallos
811 3903 844 3956 et
874 3889 1023 3974 Suedas,
1053 3909 1085 3960 ct
1109 3895 1247 3962 illoruru

413 4024 416 4032 ’
1169 4025 1249 4072 aun«

1350 4079 1353 4170 i
