2734 4904
208 407 257 430 ··
316 406 357 484 c4
452 387 792 474 rruoonrs
835 405 1109 474 ou’onrt

253 623 254 627 ,
302 561 373 658 ⁴ges
392 571 657 658 iudiciorumque
674 563 819 644 ordinent
839 577 950 658 facta,
973 566 1057 642 dixit
1080 577 1150 642 haec
1168 573 1255 642 Car·

321 685 440 754 dinalis
472 688 632 774 pertinere
674 691 715 755 ad
754 707 900 775 tempora
940 689 1109 786 Ludovici
1145 686 1250 765 Xlll,
1345 689 1346 742 Ἰ

322 800 421 867 cuiu's
444 801 491 870 ita
511 803 692 879 veneranda
711 804 794 871 esset
819 807 905 870 bona
926 805 1099 884 memoria,
1123 815 1161 866 nt
1178 799 1253 864 eius
1345 807 1346 810 ’

221 895 225 907 ’
324 932 397 1044 αξη
420 918 567 984 vellicari
592 918 732 1016 minime
747 933 932 1002 oporteret.
979 921 1066 986 Cum
1085 933 1164 982 vero
1187 913 1254 976 lle·

207 1111 209 1117 ¹
321 1048 396 1114 gnra
422 1029 747 1118 ali0·te·mpore,·se
784 1033 881 1117 posse
918 1031 1056 1114 quasvis
1094 1027 1255 1112 pecunias

323 1143 630 1232 imperate'populo
654 1141 970 1227 sine‘Pnrlamento,
993 1143 1077 1236 dixit
1094 1141 1260 1222 Princeps
1342 1217 1346 1230 Α

266 1311 269 1319 ,
325 1257 514 1341 Gondaeus,
546 1261 677 1345 iduon
707 1263 787 1326 bene
813 1260 1059 1335 successurum,
1093 1272 1197 1334 neque
1225 1253 1263 1314 se

322 1370 513 1452 suspectum
531 1373 605 1436 resl'e
629 1371 742 1436 debere
764 1371 945 1452 factionis,
971 1372 1028 1453 qui
1047 1369 1136 1432 bona
1158 1365 1263 1430 habe·
1346 1413 1347 1416 ,

322 1495 372 1547 ret
391 1483 424 1547 in
443 1485 596 1549 omnibus
614 1485 721 1570 Regni
741 1488 916 1568 partibus,
941 1486 1034 1550 illico
1057 1479 1261 1559 amittenda,
1345 1515 1347 1570 l

324 1596 432 1679 siquid
452 1600 697 1663 commovIslet.
742 1600 808 1662 Est
825 1599 878 1662 hic
897 1597 1078 1664 Carentoni
1096 1592 1260 1675 synodus
1346 1589 1347 1594 ’

324 1709 518 1774 Nationalis
545 1708 853 1780 Reformatornm..
903 1709 958 1776 Ab
993 1727 1029 1774 ea
1067 1707 1266 1788 impetravit

322 1819 535 1902 Mircurius,
559 1837 598 1888 ut
622 1823 754 1904 qnidam
773 1801 1022 1907 delegarentur,
1048 1819 1261 1911 collocuturi

321 1935 429 2000 secum
457 1935 496 2000 de
520 1935 770 2002 iustificatione.
839 1936 940 2003 Facta
971 1913 1026 2000 'est
1054 1934 1088 2000 in
1119 1934 1274 2015 scriptis,
1346 1969 1347 1978 =

322 2049 581 2116 collatio'nullo
608 2073 682 2118 cum
707 2049 835 2117 fructu.
907 2050 996 2133 Papa
1027 2067 1096 2113 non
1127 2061 1261 2114 tanturn

322 2162 358 2225 in
391 2161 425 2224 id
455 2161 604 2241 laborat,
636 2176 674 2228 ut
702 2163 844 2243 Gallos,
875 2165 898 2229 si
932 2161 1061 2244 possit,
1088 2181 1127 2226 ex
1161 2161 1262 2228 Italia

321 2286 491 2354 amoveat,
522 2274 569 2338 ita
595 2287 722 2340 tentato
751 2274 904 2358 Principe
930 2273 1095 2353 Thoria,
1119 2286 1157 2338 ut
1183 2291 1264 2339 eunt

323 2387 443 2456 Galliae
478 2385 667 2470 suspectum
697 2387 835 2472 fecerit,
860 2405 973 2454 verum
1005 2387 1102 2466 etiam
1135 2385 1262 2452 excitat

324 2521 437 2566 ornnes
469 2500 573 2584 Italiae
603 2501 775 2586 Principes
811 2521 848 2568 ac
878 2502 1065 2582 Civitates,
1099 2513 1138 2566 ut
1172 2500 1260 2586 Regi
1347 2523 1348 2526 ¹

297 2607 461 2700 ‚Angliae—
481 2615 615 2678 militem
639 2629 698 2679 aut
723 2616 881 2696 pecunias
909 2617 1055 2682 mittant.
1101 2615 1148 2682 Et
1174 2613 1260 2678 dici·
1345 2539 1348 2672 Ι

325 2744 383 2806 tue
405 2729 599 2796 Ethruscus
623 2727 750 2812 aliquid
772 2727 970 2810 promisisse.
1024 2727 1126 2794 Miles
1152 2726 1262 2794 Galli·
1347 2705 1348 2712 ἵ

325 2857 386 2905 cus
410 2840 443 2903 in
466 2838 832 2904 Montisferratensrbus
864 2841 949 2904 locis
977 2839 1164 2924 gravissime
1189 2841 1264 2920 ple·

321 2954 394 3042 bem
422 2966 532 3018 vexat.
578 2950 728 3032 Missus,
752 2949 871 3035 quide
896 2970 935 3016 eo
965 2954 1112 3034 querelas
1144 2953 1178 3018 iu
1199 2973 1262 3020 au·

321 3065 387 3134 lam
406 3067 582 3134 Gallicam
612 3065 779 3148 deferret,
814 3065 1018 3150 Bidosenus,
1060 3068 1096 3134 in
1120 3067 1262 3149 itincre,

188 3251 191 3259 ,
325 3180 436 3246 nescio
465 3181 652 3264 aquibus,
683 3181 878 3250 interfectus
903 3196 967 3246 est.
1013 3182 1118 3248 Aroes
1143 3182 1263 3247 Culis-

203 3270 207 3281 ¹
243 3357 245 3367 ,
278 3343 280 3346 -
325 3291 439 3358 sanum
471 3305 503 3357 et
535 3293 721 3376 Cararam,
742 3297 777 3360 in
811 3296 944 3380 regione
970 3295 1113 3380 Longae,
1143 3293 1285 3375 Galli,
1347 3333 1348 3342 κ

328 3405 420 3488 quod
437 3425 520 3490 aegre
540 3407 668 3474 defendi
689 3406 1024 3492 possent,disiecete.
1057 3408 1262 3490 Cnfimirus,

323 3532 498 3602 antequam
532 3520 927 3603 Caruinalatummdeae,
967 3523 997 3588 se
1028 3523 1260 3604 presbyterum

325 3631 450 3714 faciet,
483 3631 707 3718 nanneno,
740 3647 779 3702 ut
805 3635 949 3715 dicitur,
978 3634 1125 3700 Poloniae
1152 3634 1258 3721 Rege.

245 3801 247 3808 ,
324 3740 379 3816 Er
398 3745 689 3828 Constantinopoli
711 3749 894 3828 discimus,
919 3741 1084 3814 laborasse
1105 3747 1152 3812 ibi
1173 3749 1258 3834 lega·

326 3875 397 3930 tum
417 3859 654 3946 Imperatoris,
679 3864 716 3928 ut
734 3879 799 3945 pax
817 3875 977 3950 perpetua
995 3859 1111 3946 fieret,
1133 3859 1174 3930 uz'
1192 3861 1260 3928 Ra·

1064 3973 1068 3984 '
1175 3974 1259 4040 koc-
