2734 4908
687 417 809 500 (Ν)

287 574 351 660 iis,
368 579 541 664 Epistolas
558 598 597 646 eo
614 583 801 663 contineri,
825 583 996 664 plerasque
1013 580 1137 648 Latino
1154 577 1218 646 ser·
1271 620 1275 629 ·
1314 587 1317 592 “

288 713 407 776 mone,
432 714 552 778 paucas
579 697 714 762 Suecica
739 699 848 781 lingua
873 695 1099 778 conscriptas3
1135 697 1237 760 vidit·

191 799 195 805 ’
287 807 322 872 in
352 809 392 902 iis
429 811 479 894 agi
513 811 551 873 de
582 810 678 875 rebus
708 809 890 877 Historiam
918 811 1033 890 potius
1064 812 1218 890 Europae

286 920 468 988 universam
511 941 606 1004 quam
645 921 839 1006 peculiarem
876 924 997 1006 patriae
1035 921 1217 986 Historiam

285 1032 523 1118 spectantibus.
591 1037 1018 1123 Quamobremulteriorem
1046 1023 1143 1100 huius
1173 1033 1218 1098 rei

189 1221 191 1228 y
236 1225 241 1234 ,
268 1144 529 1244 *indagationem
542 1153 667 1218 tertiae
689 1155 816 1234 Classr,
840 1137 895 1220 cui
914 1154 953 1216 ab
972 1149 1123 1215 Historia
1142 1165 1218 1231 gen·

288 1260 375 1328 tium
408 1263 583 1330 universali
615 1281 647 1371 et
683 1255 849 1333 literarum
885 1283 1065 1364 exterarum
1102 1260 1216 1328 studiis
1325 1303 1328 1318 .

287 1391 405 1440 nomen
431 1392 503 1458 est,
543 1373 826 1446 commendandam
862 1380 928 1444 esse
963 1377 1110 1454 censuit,
1151 1389 1217 1455 quo

202 1535 205 1542 .
285 1484 507 1570 factumest,
533 1497 570 1555 ut
595 1495 689 1558 tertia
715 1496 837 1561 Classis
865 1493 1030 1572 persecuta
1057 1489 1095 1553 stt
1122 1502 1219 1567 atque

286 1601 326 1666 ad
354 1602 447 1665 finem
477 1602 603 1682 tandem
628 1603 817 1683 'perduxerit
838 1621 934 1682 quant
950 1601 1073 1664 sororia
1093 1597 1216 1698 Classts

287 1712 351 1778 iarn
389 1715 599 1786 inchoaverat
625 1715 924 1799 investigationem.
977 1790 979 1796 ¹

206 1832 209 1840 '
280 1857 283 1862 ¹
329 1825 441 1910 Quum
466 1843 573 1892 autem
603 1846 712 1894 rerum
742 1828 782 1893 ad
806 1830 916 1894 literas
944 1842 976 1892 et
1005 1841 1090 1894 artes
1117 1825 1219 1912 petti-

286 1942 434 2007 nentium
460 1943 493 2006 in
519 1945 583 2008 hoc
607 1942 722 2028 Regno
741 1927 942 2009 Administer
956 1943 1018 2007 Vir
1038 1943 1136 2023 ampl.
1164 1958 1218 2003 ro·

286 2055 415 2137 gasset,
441 2057 521 2137 quid
538 2057 611 2122 illae
630 2059 803 2138 Epistolae
825 2055 936 2122 afferre
955 2057 1050 2137 posse
1073 2055 1222 2121 videren-

284 2180 341 2232 tur
361 2169 393 2230 in
412 2173 585 2232 'commune
608 2170 774 2234 literarum
789 2151 1029 2246 commodum,
1054 2165 1220 2246 respondit

287 2278 412 2345 Classts
448 2283 705 2360 tertia,.·literas
737 2281 851 2347 Grotii
879 2299 960 2362 quae
985 2279 1110 2348 Codice
1139 2297 1219 2344 con·

286 2391 470 2458 sinerentur
504 2413 616 2460 omnes
652 2397 784 2478 publice
815 2393 952 2459 edendas
987 2392 1115 2470 videri,
1149 2408 1217 2470 quo

285 2505 407 2588 insigne
432 2511 623 2572 collectioni
641 2511 867 2585 Epistolarum
891 2508 1005 2574 Grotii
1028 2508 1088 2570 iarn
1115 2505 1219 2568 editae

226 2673 231 2686 .
288 2617 522 2707 incrementum
550 2615 738 2695 accederet,
762 2594 1046 2692 e't'addendasiis
1073 2617 1139 2714 esse
1154 2619 1219 2682 La·

270 2733 376 2803 ¹tinas
407 2719 635 2792 Oxenstiernae
661 2729 857 2810 Epistolas,
909 2724 1032 2810 quippe
1067 2751 1147 2822 quae
1180 2731 1221 2796 ad

289 2842 473 2908 Historiam
506 2857 689 2923 temporum
721 2845 852 2907 illorum
881 2842 1107 2910 illustrandam
1132 2863 1220 2927 egre·

240 2953 257 2996 ³
282 2957 338 3040 ,gie
370 2955 475 3020 valete
508 2956 654 3037 possent.
718 2957 850 3044 Quibus
870 2958 1057 3037 probatis,
1092 2959 1218 3045 editio,

279 3089 372 3152 ¹quae
398 3089 484 3134 nunc
515 3071 649 3150 prodit,
685 3087 795 3152 parata
826 3084 898 3147 est,
935 3071 1032 3136 cuius
1060 3085 1096 3136 ut
1124 3071 1221 3136 intel-

194 3201 198 3210 '
286 3183 410 3264 ligatur
441 3181 522 3261 quid
553 3182 593 3249 stt
627 3183 817 3262 confilium,
862 3186 1048 3248 accuratior
1078 3196 1128 3244 est
1165 3185 1238 3246 ers-²

268 3295 429 3388 bibenda
460 3281 604 3362 Codicis
621 3293 820 3378 descriptio,
844 3311 913 3361 tum
939 3297 1023 3361 ratio
1048 3293 1219 3360 Editionis

289 3410 484 3488 exponenda
502 3425 578 3476 est'·
916 3490 921 3499 ,

332 3523 449 3588 Codex
472 3541 522 3588 est
545 3525 799 3592 Hannorcrana'e
822 3525 1065 3603 Bibliothecae,
1094 3529 1151 3603 144
1169 3522 1241 3588 fo-'

290 3637 344 3703 liis
378 3637 551 3716 constans,
586 3639 690 3706 forma
723 3639 850 3706 maiori.
916 3639 1009 3704 Duae
1046 3635 1119 3700 sunt
1148 3637 1219 3700 eius

292 3725 531 3834 distinguenda
557 3769 696 3832 partes,
713 3756 832 3830 altera,
869 3771 910 3832 92
939 3750 1109 3834 prioribus
1132 3762 1229 3834 com-f

193 3915 196 3922 ,
289 3864 441 3943 prehensa
467 3864 581 3947 foliis,
613 3867 785 3950 Epistolas
808 3865 1106 3946 Grotiiexbibet,
1140 3865 1218 3925 alte·

1131 3991 1219 4053 tant,
1273 3993 1275 4000 ·
