2734 4904
314 445 378 522 'sar
420 417 700 525 tonans-rs
738 439 1182 528 ortus-mnne

306 643 408 710 pore,
440 623 502 704 pro
537 621 785 688 conservatione
815 603 1041 704 praeliminaris
1072 621 1238 704 pactionis

306 753 339 803 et
370 737 541 803 securitate
570 752 634 803 tam
664 719 926 816 foederatorum,
953 755 1048 818 quam
1074 737 1240 802 adhaeren-
1311 769 1313 772 v
1354 743 1355 756 ¹

305 853 413 932 tium,
437 873 510 934 curn
532 850 723 935 Caesarianis
744 850 1051 932 reciprocavimus,
1076 847 1114 915 de
1138 853 1240 933 inter-

306 968 493 1049 pretatione
518 965 600 1031 salvi
623 943 812 1030 c'onduetus
841 963 1003 1044 Caesarei,
1027 965 1133 1046 primo
1158 982 1241 1030 eon·

302 1079 415 1165 gressu
434 1079 556 1159 solvit,
580 1092 612 1143 et
629 1097 662 1143 re
679 1079 814 1160 penitus
832 1076 998 1160 inspecta,
1023 1076 1133 1144 salvos
1156 1097 1239 1144 corr·

301 1193 425 1259 duetus
460 1193 613 1280 speciales
639 1189 696 1260 sub
722 1193 780 1260 suo
813 1207 845 1258 et
873 1193 1071 1277 collegarum
1101 1193 1266 1290 suorum!

297 1309 451 1390 nomine,
475 1325 536 1391 pro
555 1304 746 1373 Straisnnda
770 1321 802 1368 et
831 1306 1009 1384 Ersordirt‚
1035 1307 1118 1369 tradi
1140 1325 1240 1368 cura·

298 1422 365 1486 vlt.
419 1417 509 1505 'Qua
541 1437 574 1482 re
605 1419 742 1483 alterum
774 1415 1079 1498 impedimentorum
1105 1415 1162 1480 hic
1186 1407 1240 1478 inss

300 1533 463 1600 lectorum
496 1531 559 1598 ivit
581 1531 758 1597 sublatum.
805 1533 956 1596 Alterum
985 1529 1091 1601 adhuc
1119 1529 1238 1609 restat,

297 1649 331 1716 e‘t
354 1645 507 1715 consistit
527 1644 561 1709 in
587 1641 778 1710 admissione
807 1659 952 1722 quatuor
979 1644 1153 1708 admodum
1176 1643 1240 1708 sta*

296 1762 417 1841 tuum,
453 1777 538 1840 quos
574 1754 755 1822 Caesareani
795 1755 979 1819 voluerunt
1012 1757 1183 1822 excindere
1215 1777 1238 1821 a
1303 1793 1306 1810 ν

298 1870 602 1939 consultationibus
645 1868 799 1932 ordinum
843 1869 899 1933 hle
938 1867 1113 1936 institutis.
1180 1871 1259 1936 De·

292 1989 356 2070 illa
381 2006 413 2052 re
446 2003 534 2051 nunc
560 1999 618 2066 per
645 1981 825 2065 deputatos
857 1983 942 2046 inter
974 1981 1061 2047 sein
1089 1984 1149 2049 hac
1176 2001 1236 2050 ur·

294 2102 335 2166 be
370 2097 546 2167 conferunt
585 2095 853 2200 Osnabrugenses
881 2109 914 2160 et
946 2095 1231 2162 Monasterienses.

295 2213 332 2279 st
358 2213 391 2277 in
416 2213 472 2275 illa
498 2211 684 2296 quaestione
707 2210 864 2290 utrinque
885 2211 1057 2274 conveniri
1083 2213 1236 2291 poterit,*

293 2345 362 2392 non
385 2327 526 2391 multum
556 2336 607 2385 est
633 2321 725 2402 quod
746 2297 810 2384 hle*
826 2321 980 2398 replicem
1011 2333 1159 2384 nostram
1188 2333 1236 2388 etc

291 2451 447 2530 tractatu⁸
465 2435 586 2500 morari
609 2432 728 2517 posset.
775 2431 814 2497 In
839 2432 963 2514 quibus
992 2445 1029 2495 ut
1052 2429 1234 2499 seeundum

291 2527 436 2627 foederis
463 2568 609 2616 normam
633 2549 704 2631 pari
727 2545 825 2630 passu
855 2559 1089 2627 concentuque
1112 2567 1233 2629 proces

292 2669 412 2746 datur,
437 2663 528 2729 brevi
553 2681 626 2726 cum
654 2659 819 2742 legatione
833 2659 964 2726 Gallica
983 2661 1139 2743 congredi
1168 2659 1241 2726 sine'

289 2781 430 2847 citimus.
498 2775 620 2854 quue
645 2774 776 2836 nomine
801 2791 858 2854 per
884 2774 930 2838 D.
953 2775 983 2837 la
1000 2775 1107 2839 Borde
1137 2793 1237 2841 nnnc

290 2892 449 2958 certiores
482 2885 573 2949 reddi
601 2885 756 2964 cupimus
790 2883 830 2944 de
859 2884 1034 2946 commodo
1064 2899 1227 2967 tempore,

290 3001 327 3073 Si
350 3021 443 3088 quae,
467 2997 531 3065 stne
554 2999 586 3064 in
608 2997 667 3062 illo
684 2994 884 3080 congressu,
910 2993 975 3062 seve
1002 2997 1082 3066 alins
1106 2999 1137 3064 in
1162 3001 1237 3066 hoc'

285 3131 451 3196 tractatu,
476 3111 654 3180 acciderint
681 3110 846 3176 communi
871 3113 996 3178 ratione
1021 3130 1132 3179 vestre
1156 3131 1239 3181 non·

108 3209 111 3216 ¹
191 3247 195 3262 ⁴
287 3233 444 3314 indigna,
479 3227 571 3310 plene
604 3223 797 3290 reserentur.
869 3222 996 3292 Interea
1030 3228 1223 3319 assitens,

288 3361 429 3432 quornm
453 3343 612 3420 interest,
637 3339 792 3404 certiores
817 3338 921 3404 facere
946 3356 1074 3412 nostrae
1094 3337 1223 3410 sincerae

287 3443 515 3535 intentionis,
534 3455 690 3537 quodque
717 3473 781 3520 rem
814 3470 1016 3520 communem
1040 3457 1225 3522 eommuni-

235 3625 237 3630 .
287 3577 352 3642 bus
377 3565 522 3638 consiliis
548 3589 656 3652 gerere
679 3569 903 3634 direxerimus.
965 3569 1066 3656 Quod
1089 3587 1224 3634 concer-

289 3677 339 3755 nit
366 3689 512 3770 privates
539 3699 670 3750 vestras
694 3703 744 3750 res
778 3699 810 3748 et
838 3683 1156 3776 stipendiipnrtenr,
1180 3683 1221 3748 de

291 3811 356 3885 qua
381 3817 474 3865 xv111
500 3797 668 3864 Novemb.
696 3797 736 3862 ad
762 3815 809 3860 me
836 3795 994 3877 scriptum
1020 3812 1092 3875 est,
1122 3797 1218 3860 locer-

289 3930 344 3984 tus
371 3915 439 3982 sunt
465 3913 506 3978 de
524 3931 558 3978 ea
583 3917 617 3978 re
641 3931 715 3980 curn
737 3901 928 3988 Dgsndo.
976 3909 1069 3977 Dicit
1090 3907 1121 3975 se
1138 3909 1234 3974 iam-e

316 4030 321 4044 “
1155 4019 1220 4084 du·
