2734 4904
240 421 573 497 “nmsnonnr
617 421 938 512 montrum
1007 443 1055 512 m

75 609 77 616 '
119 609 277 682 egerunt,
302 595 491 662 Marestalli
510 594 724 676 Odi'ncurtii‚
743 595 776 662 in
792 597 961 664 ilastll'ratn
980 595 1056 665 sun't

122 711 284 792 coniecti,
309 725 349 775 ut
373 725 494 774 cuncta
517 710 588 776 eius
608 727 725 775 arcana
748 728 944 779 noscantur.
990 715 1057 786 Est
1086 795 1089 808 Ι

35 797 42 810 ⁸
120 826 175 892 hic
197 843 285 890 nunc
305 823 462 906 Synodus
483 820 774 904 Reformatorum,
803 839 943 906 quorum
969 826 1056 892 dele·

121 953 216 1024 gatos
244 939 324 1004 mira
350 937 504 1004 comitate
536 937 667 1021 excepit
697 938 884 1004 Cardinalis
911 941 1056 1008 Mazari·

120 1071 199 1118 nus.
246 1053 324 1118 Dux
338 1049 567 1136 Lotlrarirrgus
589 1067 621 1116 et
637 1052 828 1117 Santecroia
851 1051 952 1135 ipsius
972 1055 1056 1120 Bru·

65 1205 68 1216 ,
120 1169 213 1232 xellae
242 1183 358 1251 magno
383 1186 457 1232 curn
484 1166 610 1230 honore
636 1167 763 1250 excepti
786 1165 873 1232 suut.
919 1168 1057 1234 Dicitur

120 1296 206 1346 enno
236 1282 301 1345 hoc
335 1279 539 1346 militaturus
566 1279 720 1359 Hispano
749 1280 785 1344 in
813 1279 953 1365 Belgicis
980 1303 1055 1364 par-

94 1395 235 1472 ¹tibus,
274 1381 477 1471 militemque
513 1393 573 1456 hac
612 1391 726 1473 hyeme
759 1396 989 1462 collocaturus
1021 1398 1058 1462 in

120 1504 432 1589 Lutzemburgico‚
477 1503 648 1570 Iuliacensr
686 1519 720 1568 et
757 1506 915 1572 Clivienfi
957 1527 1064 1591 agro..

120 1623 260 1690 Elector
276 1617 444 1684 Palatinus
469 1617 563 1684 valde
583 1619 613 1684 se
635 1621 831 1702 popularem
856 1617 938 1686 facit
960 1621 1056 1698 Lon·-

84 1789 86 1794 ,
121 1733 211 1813 dini,
235 1731 342 1798 nescio
368 1752 433 1815 qua
451 1731 518 1816 spe.
566 1729 688 1816 Stella,
713 1735 771 1817 qui
788 1753 876 1801 nunc
894 1755 957 1820 pro
973 1735 1055 1800 Gal·

7 1877 9 1882 ·
122 1847 168 1912 lia
192 1846 406 1930 Argentorati
437 1859 489 1910 est
509 1842 686 1929 Reddens,
720 1848 848 1930 scripfit
876 1851 987 1915 literas
1014 1849 1056 1914 ad

121 1961 293 2038 ciuitatem
314 1955 641 2041 Francolurtensem,
675 1976 734 2042 ut,
761 1963 784 2029 fi
808 1983 826 2028 a
849 1963 927 2028 belli
961 1980 1058 2028 motu

121 2075 204 2140 velit
234 2073 301 2140 esse
329 2073 506 2158 immunis,
540 2077 570 2142 se
601 2077 634 2144 in
670 2079 805 2144 tutelam
835 2078 889 2145 det
922 2076 1054 2143 Galliae.
1170 2073 1172 2079 ’

123 2187 192 2275 Qui
215 2189 248 2254 in
273 2189 422 2272 praesidio
447 2193 522 2256 sunt
545 2193 806 2272 Francothaliae‚
831 2195 989 2258 hactenus
1006 2192 1058 2256 nd
1085 2195 1090 2207 '

121 2303 371 2388 Mogontiacum
397 2325 504 2387 usque
529 2323 723 2374 excurrunt.
789 2307 885 2372 Fama
912 2305 1065 2391 quaedam
1160 2371 1163 2376 .

121 2433 172 2486 est
194 2418 233 2482 de
256 2406 467 2484 matrimonio
491 2417 592 2500 Regis
616 2417 790 2499 Hispaniae
819 2439 892 2482 cum
915 2417 1060 2484 Domina

124 2532 335 2613 Oenipotana
363 2516 529 2612 Principe.
585 2529 732 2596 Laborat
745 2529 884 2609 Gallia,
900 2530 948 2596 »ad
968 2549 1061 2596 corn·

121 2646 307 2733 primendas
337 2645 522 2712 discordias
549 2643 789 2731 Tigurinorum
813 2667 887 2712 cum
915 2645 1058 2716 vicinis:
1145 2631 1149 2640 ’

122 2761 290 2842 Helvetii,
321 2760 361 2826 ad
386 2759 631 2842 componendas
655 2779 731 2841 eas,
766 2779 840 2841 quae¹
870 2757 946 2826 sunt
974 2760 1061 2838 inter

122 2875 277 2942 Rhaetoa.
345 2872 492 2942 Perfecta
527 2873 603 2940 sunt
639 2867 839 2942 monimenta
864 2875 956 2940 ‘circa
981 2875 1060 2944 Phi·

122 2989 364 3069 lippiburgum.
426 2987 596 3069 Principes
621 2987 746 3066 Italiae,
772 2990 829 3070 qui
847 3003 964 3052 contra
983 2987 1062 3052 Bar·
1152 2979 1162 2987 ’

102 3101 258 3168 'barinos
282 3099 394 3180 fuere,
419 3116 538 3182 petunt
562 3101 709 3182 aPapa,
735 3116 773 3166 ut
799 3099 945 3184 ipsorum
963 3113 1061 3167 actus

95 3301 97 3306 Ι
122 3215 304 3302 approbet,
337 3227 375 3280 ut
400 3215 457 3296 qui
478 3215 560 3280 nihil
584 3215 693 3280 moliti
716 3213 778 3280 srot
805 3210 921 3281 cont'ra
943 3217 1061 3282 Eccle-

124 3329 198 3396 sram
220 3343 277 3394 aut
301 3326 403 3392 sedem
427 3323 642 3394 Romanum.¹
670 3328 851 3394 Castellani
877 3347 952 3394 cum
979 3349 1061 3410 qua·

123 3439 307 3510 tuordecim
336 3443 481 3508 millibus
509 3442 576 3506 esse
607 3441 766 3508 dicuntur
799 3442 887 3523 apud
919 3439 1060 3510 Badaio·
1141 3445 1147 3450 '

60 3529 69 3603 ι·
123 3577 220 3626 zum:
276 3555 460 3641 Portugalli
489 3545 657 3620 inde‘non
679 3557 776 3640 longe
805 3556 893 3637 apud
921 3557 1059 3622 Elvamr

124 3671 177 3734 sed
199 3670 281 3734 nihil
304 3651 539 3755 agere'magni.
605 3669 712 3734 Navis
741 3669 906 3748 Turrita,
939 3691 1011 3750 quae
1043 3679 1083 3735 a'

125 3779 353 3848 Melitenlihus
379 3782 444 3848 fult
480 3797 596 3865 capta,
631 3784 796 3848 machinas
826 3783 940 3846 hahuit
973 3783 1061 3848 sexa·

122 3895 234 3984 ginta:
250 3894 368 3978 vpraeda
390 3896 573 3962 estimatur
591 3897 631 3962 ad
655 3898 820 3963 milliones
846 3893 944 3960 duos.
981 3891 1060 3959 Alri

554 4008 630 4091 Es
1013 4008 1078 4104 nir
1155 4045 1158 4052 r
1225 3959 1233 3976 ⁹
