2734 4908
340 389 1144 502 rtnuoon1sonoru
1238 489 1241 502 Ι

341 557 485 638 quasin
520 558 592 623 solo
624 561 742 627 hostili
769 560 1022 628 Transrhenanas
1049 547 1116 624 no‘n
1146 559 1176 626 se
1202 559 1277 638 ina·
1340 605 1342 692 Ἰ

343 683 467 734 tentare
497 685 623 736 tantum
654 673 707 738 sed
736 689 768 740 et
799 671 974 756 processus
1006 673 1139 758 magnos
1166 651 1273 738 facere

271 793 273 798 ’
342 783 461 865 possit.
508 786 679 867 Optabam
688 787 857 868 Principes
876 802 914 853 ut
932 802 964 852 et
981 787 1275 872 Coniugstuarclri·

342 915 383 961 ns
403 912 455 972 ,et
486 900 615 966 liaslici
643 900 770 984 poslrnt
797 900 911 968 venire
942 900 975 964 in
1007 899 1079 967 loca
1115 901 1161 966 ita
1193 913 1276 986 pro·

340 1011 486 1096 pinque,
512 1030 573 1094 ut,
595 1011 622 1080 fi
647 1034 699 1084 res
727 1013 847 1097 ferret,
872 1015 927 1082 alii
956 1007 1030 1078 aliis
1054 1014 1182 1080 auxilio
1208 1012 1277 1078 esse
1341 1027 1342 1066 l

301 1183 303 1188 ,
341 1125 484 1208 possint.
537 1128 617 1194 Dixi
642 1147 690 1192 me
716 1147 887 1196 memorem
913 1126 1078 1196 futurum.
1138 1124 1277 1192 Videbi-

275 1259 279 1272 ‚
341 1255 417 1302 mus
436 1241 498 1306 iarn
524 1227 600 1326 puis
620 1241 762 1306 futurus
777 1240 816 1306 srt
838 1255 890 1306 tot
916 1240 1082 1304 bonorum
1106 1237 1277 1326 dictorum

338 1365 492 1418 eventus.
525 1350 527 1356 ’
557 1352 638 1418 Vidi
665 1354 842 1436 epistolam
870 1331 977 1419 Ducis
1003 1351 1123 1427 llanari
1143 1351 1187 1447 „ad
1207 1352 1279 1418 Da,

339 1464 411 1556 niae
427 1463 571 1550 Regem,
588 1469 622 1532 in
647 1467 756 1546 quael
774 1464 1121 1548 permanserimus,
1142 1483 1194 1548 res
1213 1463 1278 1529 Pa·
1341 1477 1342 1486 ¹

338 1579 458 1644 latinas
491 1597 557 1641 non
589 1578 623 1641 in
659 1591 828 1643 conventu
860 1576 1033 1642 universali
1065 1577 1278 1656 tractandas,

227 1763 230 1772 ,
343 1689 397 1755 sed
411 1691 565 1756 Viennae:
598 1690 631 1754 id
645 1691 730 1756 enim
751 1705 784 1755 et
807 1693 914 1776 legato
932 1691 1083 1756 Romano
1100 1689 1278 1774 placuisse.

281 1851 283 1856 .
339 1804 387 1871 ut
420 1805 497 1886 qma
518 1802 662 1887 ‘'vtuenat
695 1783 798 1869 estrei
829 1803 896 1880 nn,
917 1803 1013 1886 posse
1042 1806 1109 1870 tuat
1143 1781 1303 1870 ttinerts'

340 1917 614 2016 ‹liplomatafpro
649 1919 806 1984 Palatinis
844 1915 978 2002 Legatis
1016 1903 1278 2002 tanto'Regum

339 2032 453 2095 labore
477 2031 631 2108 obtenta,
662 2022 782 2095 festiv'e
804 2031 993 2111 respondit,
1026 2050 1092 2095 non
1119 2030 1215 2114 posse
1237 2029 1274 2094 id

262 2197 264 2199 -
339 2143 400 2212 fibi
425 2142 568 2220 obstare,
589 2163 663 2208 cum
680 2142 713 2206 in
739 2141 979 2222 diplomatibus
995 2143 1182 2223 expressum
1195 2135 1277 2220 Jnon

338 2255 442 2337 esset,
460 2276 495 2321 ea
513 2255 603 2335 dari,
630 2270 668 2320 ut
687 2253 871 2320 Palatinum
886 2253 1055 2338 negotium
1073 2253 1275 2322 Monasterii

337 2383 395 2435 aut
414 2363 619 2454 osnabrugte'
635 2383 816 2449 tractetur,
840 2369 936 2450 plane
956 2365 1045 2450 quast
1063 2367 1155 2434 illius
1174 2367 1274 2434 Prin·
1298 2439 1311 2456 Γ

238 2469 241 2475 ’
337 2483 423 2564 cipis
450 2465 547 2568 legati
578 2503 618 2549 eo
650 2483 781 2548 venturi
808 2480 917 2548 essent
942 2487 1069 2546 tantum
1098 2495 1137 2546 ut
1160 2479 1274 2546 alienae

335 2595 455 2662 fabulae
483 2596 697 2678 spectatores.
752 2595 1002 2673 Illudquoque
1026 2611 1094 2658 non
1120 2591 1274 2662 omitten-

337 2709 415 2771 dum
440 2707 572 2787 censui,
596 2710 723 2774 Ducem
749 2705 1011 2772 Aurelianensem
1032 2721 1065 2770 et
1087 2705 1274 2790 Principem
1343 2713 1344 2800 l

336 2818 521 2887 Cundaeum
543 2819 680 2886 scribere
699 2821 761 2886 iam
777 2819 927 2902 Principi
941 2819 1092 2886 Palatino
1114 2834 1151 2886 ut
1175 2819 1274 2884 Elec·
1342 2801 1344 2944 1

242 2941 243 2944 ’
335 2935 418 3002 tori.
485 2935 582 3002 Dixit
621 2935 701 3001 milri
739 2935 894 3020 princeps
931 2933 1104 3002 Condaeus
1130 2931 1274 3000 Galliam

336 3048 419 3114 serio
441 3049 686 3130 laboraturum,
709 3053 756 3117 ut'
772 3064 804 3114 et
821 3048 923 3136 Regis
941 3048 1073 3132 Angliae
1099 3047 1272 3130 imperium

335 3160 526 3224 restituatur
556 3137 662 3225 et'ut
695 3167 894 3246 praevaleant
932 3161 1101 3229 Puritanis
1131 3143 1270 3226 Protes-

333 3285 441 3340 tantes
461 3271 709 3354 moderatiores.
754 3273 903 3340 Adiunxi
921 3293 1008 3358 ego,
1025 3271 1133 3338 omnia
1148 3263 1273 3338 facien·

206 3447 208 3456 ,
333 3389 374 3454 da
399 3387 453 3452 hic
480 3406 541 3472 pro
562 3387 651 3472 Rege
666 3389 816 3474 Angliae,
840 3388 912 3457 sris
934 3387 1029 3471 prius
1049 3385 1184 3474 Reginae
1203 3385 1271 3452 Re·

127 3523 134 3542 ‘
234 3581 237 3588 Ἰ
334 3497 635 3586 genti-fidemsuam
658 3499 1079 3588 obstringat‚se,niii,in
1095 3498 1271 3578 colloquio
1343 3481 1344 3536 ³

221 3647 224 3653 ·
333 3616 395 3681 iam
416 3614 532 3679 futuro
558 3613 759 3683 Monasterii
782 3629 815 3680 et
841 3613 1067 3696 uenantum,
1094 3609 1270 3680 restitutio

331 3727 486 3795 Palatinae
510 3726 628 3794 domus
655 3730 818 3799 inlocum
842 3725 1097 3811 dignitatemque
1126 3739 1270 3792 veterem

333 3841 476 3916 obtineri
496 3839 624 3926 posit,
646 3863 732 3912 arma
761 3860 837 3910 cum
863 3837 984 3912 suedia
1011 3839 1185 3924 Galliaque
1214 3836 1270 3902 so-

461 3974 463 3978 ’
710 3979 713 3985 ·
806 3963 826 3978 ‘
1159 3949 1273 4017 ‘cia-

1342 3895 1344 3968 l

1342 4061 1344 4128 l
