2734 4904
151 500 154 514 ,
222 380 225 386 '
304 422 349 487 u·
442 409 1113 514 u‘uoomrsomourr

302 575 438 645 Galliae'
456 585 539 652 dixit
563 589 609 655 D.
639 593 793 678 Gorin0‚
824 600 931 684 legato
966 597 1019 664 hic
1040 597 1139 681 'regis
1165 593 1258 667 Au?

199 727 201 732 ’
222 733 228 753 ¹
295 693 403 774 ,gliaes
428 715 530 782 regem
547 697 678 786 Angllee
696 713 889 793 participem
912 711 1011 778 fuisse
1025 729 1136 775 eorum
1155 727 1239 772 con·

288 803 472 898 filiorum,
494 835 566 895 quae
584 817 617 882 in
633 811 770 888 exitium
788 823 916 890 Suediae
934 811 951 889 a¹
969 827 1085 905 nano,
1105 822 1239 888 Polono

301 922 334 981 et
356 921 553 994 Moscovira
572 930 723 1016 suscepte
744 935 898 1018 fuerant,
923 941 1079 1005 neminem
1102 937 1239 1002 miratu·

297 1051 393 1114 rum,
411 1035 457 1116 sr,
474 1048 643 1121 praeterito
654 1049 763 1135 Rege,
786 1053 887 1120 Suedi
905 1053 980 1119 suus
1000 1070 1074 1130 res,
1098 1065 1137 1114 ut
1156 1066 1240 1132 pos-

298 1133 399 1228 lunt,
423 1169 552 1225 cureute
600 1181 647 1227 me
671 1183 772 1248 vero,
796 1189 870 1234 cum
890 1166 932 1240 de
961 1166 1036 1232 istis
1060 1164 1158 1232 rebus
1186 1163 1239 1228 ni·

139 1279 143 1286 ·
193 1353 196 1364 ι
297 1258 513 1371 bilhabeam
549 1277 848 1360 certi,tscrlps1sse
877 1281 911 1343 in
947 1279 1098 1343 suediam
1130 1291 1162 1340 et
1194 1277 1238 1341 ad

294 1369 425 1454 legatos
453 1383 639 1468 Suedicos,
673 1404 714 1454 ut
736 1392 879 1455 certiora
906 1390 944 1454 de
968 1409 1004 1456 ee
1032 1411 1065 1456 re
1091 1407 1238 1475 cognose·

296 1501 383 1588 ⁰²¹⁸·
429 1493 484 1558 Ad
510 1499 579 1563 hoec
604 1501 650 1565 D.
673 1502 858 1570 Germanus
876 1505 928 1572 ud
947 1505 1004 1584 id,
1033 1505 1124 1588 quud
1147 1504 1239 1568 dixe·

295 1616 427 1682 xeram,
452 1607 519 1672 dici
544 1611 664 1694 Regem
679 1615 808 1699 Angllae
833 1639 907 1683 cum
936 1620 1092 1684 hostibus
1107 1619 1236 1684 Suediae

265 1783 266 1786 Ἴ
292 1708 352 1776 sua
376 1713 514 1783 sociasse
535 1723 695 1804 consilia,
711 1726 803 1792 mihil
826 1727 908 1798 cerii
932 1728 1113 1814 respondit.
1158 1731 1234 1797 Cae-
1262 1775 1265 1780 ι

284 1835 404 1918 Ιτεετιιιῃ
428 1833 596 1918 ostendit,
630 1831 759 1920 sperare
779 1839 808 1904 se
836 1855 897 1921 ut,
922 1843 945 1909 fi
977 1844 1057 1926 quid
1090 1862 1235 1928 cognos-

294 1935 383 2021 sem,
410 1943 566 2032 Reginam
586 1955 717 2038 Angliae
739 1955 902 2022 coniciam
924 1957 1073 2022 facerem.
1132 1957 1234 2032 Vide·

196 2119 198 2123 ,
293 2051 429 2139 bimus,
464 2064 545 2156 quid
568 2066 717 2149 effecturi
741 2067 803 2134 firrt
826 2070 1080 2138 Richemontius
1110 2085 1143 2136 et
1170 2071 1232 2138 Su-

220 2223 224 2236 ,
292 2169 548 2257 thamptonius,
584 2197 602 2242 a
631 2180 720 2264 Rege
751 2181 837 2247 mis‘sr
861 2183 911 2264 {ad
936 2185 1233 2273 Parlamenrarios,

268 2275 369 2345 ¹'cum
401 2287 499 2359 novis
529 2290 794 2360 conditionibus.
857 2295 991 2377 Credo,
1016 2297 1229 2382 spemRegis

292 2396 498 2475 potissimam
521 2403 587 2468 esse
613 2406 750 2488 positum
775 2411 810 2476 in
839 2409 892 2500 spe
915 2409 1147 2492 dissidiorum,
1175 2415 1231 2477 in-

292 2521 343 2573 ter
374 2516 524 2582 nationes
549 2518 681 2602 ingenio
709 2523 902 2607 discordes,
929 2527 1061 2610 Anglos
1091 2540 1123 2592 et
1143 2526 1229 2598 sco-

290 2635 369 2704 tos,
408 2627 493 2710 inter
524 2633 668 2716 ordinem
694 2635 892 2702 Nobilitatis
924 2653 957 2702 et
979 2639 1112 2719 Plebis,
1144 2642 1229 2706 inter

226 2785 229 2790 .
288 2755 370 2815 eos,
396 2743 452 2818 qui
477 2743 667 2828 Episcopos
696 2762 728 2812 et
744 2739 884 2814 veterem
905 2753 1070 2836 liturgiam
1094 2768 1224 2832 amant,

287 2863 319 2924 et
342 2867 420 2932 cos,
448 2855 504 2933 qui
523 2857 629 2920 omnia
650 2874 936 2942 quaeruutrrova,
962 2863 1141 2944 intereos,
1168 2867 1227 2945 qui

288 2983 402 3046 pacem
421 2966 508 3031 bello
530 2982 563 3032 et
586 2969 706 3036 bellum
728 2967 801 3057 paci
817 2975 1015 3060 .praeferunt.
1047 2977 1225 3058 Gaudeo,

287 3079 395 3169 literis
420 3081 467 3146 ex'
482 3083 615 3150 Batavis
638 3082 686 3151 m'e
703 3087 905 3174 intelligere,
929 3092 969 3156 ad
989 3093 1125 3158 meliora
1144 3111 1225 3158 con·

287 3187 358 3258 mia
385 3195 469 3256 verti
491 3199 586 3262 etiam
610 3175 691 3281 eos,
714 3198 776 3282 ¹qui
792 3207 927 3271 antehac
942 3205 1115 3286 obstitere,
1141 3226 1226 3289 quo·

266 3291 400 3392 'minus‘
424 3325 460 3372 ea
483 3311 670 3393 respublica
695 3314 883 3385 vires·suas
911 3319 1124 3403 coniungeret
1150 3341 1224 3386 cum

289 3418 428 3500 Suedio,
454 3423 493 3485 ad
510 3443 594 3490 mure
612 3429 830 3509 compedibus
845 3431 985 3498 Danic'is
1005 3432 1221 3498 liberandum.

289 3533 369 3598 Non
387 3531 522 3598 cessabo
540 3517 695 3604 vencilare
712 3543 794 3605 hauc
816 3543 932 3608 facem.
989 3545 1135 3626 Brugius
1159 3547 1224 3634 huc

289 3649 471 3715 onlonia
494 3649 612 3730 rediit,
645 3655 763 3736 rebus,
796 3669 833 3718 ut
856 3653 1001 3736 dicitur,
1037 3655 1116 3720 berre
1136 3675 1224 3728 con·
1281 3689 1288 3702 κ

287 3761 407 3827 fectis:
462 3761 702 3828 aMarescallo
740 3766 974 3834 Torllensonio
1002 3769 1220 3854 Avangurius

117 3929 120 3938 .
178 3875 180 3881 '
285 3876 427 3968 nuncios
458 3875 575 3960 ferens
602 3879 655 3946 hic
689 3893 876 3994 pergratos.
946 3884 1050 3968 Duo,
1080 3887 1137 3978 qui
1168 3906 1221 3958 res
1324 3979 1328 3990 ἡ
