2734 4904
321 444 379 508 roa
447 400 1169 518 rorrnunrsoxnm'srrnnnm
1348 467 1354 590 ¹

309 589 408 674 bnnae
427 603 578 672 amiciriae
596 615 707 685 partes
725 600 871 686 apudn.
883 585 1102 670 Servie'ntumss
1150 599 1251 689 Qua·

310 738 444 806 cunque
468 735 549 783 vero
572 715 606 781 in
627 715 768 782 huiusce
784 719 831 784 rei
850 717 1119 802 composrtionem
1142 718 1252 784 utrin-

307 855 372 920 que
401 855 420 900 a
451 832 549 905 nobis
585 829 661 895 lunt
692 830 834 912 collata,
864 832 1053 898 non'tantl
1084 829 1249 913 fecimus,

129 993 134 1000 -
198 1004 201 1010 .
309 963 350 1014 ut
375 945 602 1036 crederemus,
626 963 739 1010 eorum
756 925 930 1029 respectu,
954 963 1031 1010 mox
1051 945 1147 1028 posse
1170 965 1250 1030 coa·
1353 971 1354 978 ¹

309 1064 433 1126 leecere
470 1045 697 1125 dissidentium
739 1059 924 1124 animorum
962 1059 1122 1138 vulnera,
1165 1057 1250 1140 quin

307 1174 447 1260 potius,
471 1173 528 1240 illa
550 1189 639 1256 opus
660 1172 777 1244 habere
803 1186 951 1255 tempore
980 1186 1022 1236 et·
1041 1170 1251 1252 superiorum

304 1286 528 1370 auctoritate3
576 1301 730 1352 nostrum
755 1300 885 1364 cutem,
910 1286 933 1350 fi
958 1305 1026 1348 non
1049 1285 1160 1363 aliud,
1185 1285 1251 1348 sal·
1276 1347 1278 1350 .

299 1415 366 1468 tem
400 1397 540 1472 fidoru'nt
575 1398 757 1469 amicornm
787 1377 931 1461 officium
967 1394 1065 1484 posse
1099 1395 1245 1490 genseri3

302 1513 505 1579 cuinscum
530 1510 594 1576 iam
617 1509 790 1594 aliqualem
815 1507 967 1574 effectum
996 1507 1246 1592 praestolamur,

300 1645 379 1692 ecee
410 1623 621 1690 Monasterio
659 1622 861 1702 nunciatur,
910 1623 957 1688 Ι).
990 1621 1261 1704 D’Avaufium,

297 1739 437 1806 mobilia
463 1737 518 1802 sua
544 1733 592 1801 ibi
618 1745 876 1818 convagantem‚
900 1733 934 1796 in
958 1732 1138 1816 procinctu
1161 1753 1245 1815 pro-

227 1880 232 1888 ·
298 1850 458 1918 lectionis
492 1847 593 1930 stare3
640 1847 679 1911 de
706 1865 828 1928 quare
852 1845 1011 1912 certiores
1036 1841 1140 1930 facti,
1171 1867 1242 1914 cer·

295 1981 477 2048 nentesque
498 1979 588 2042 eam,
612 1953 636 2029 fi
657 1959 796 2026 effectus
814 1959 970 2041 daretur,
990 1961 1116 2026 trahere
1131 1960 1242 2028 secum

295 2099 366 2147 non
391 2079 547 2164 exiguum
566 2075 711 2158 publlcae
736 2075 782 2140 rei
809 2073 1060 2157 praeiudicium,
1086 2093 1154 2140 non
1175 2086 1240 2158 po·
1290 2143 1297 2152 ,
1353 2107 1354 2162 ;

296 2194 425 2260 ruimus
448 2189 686 2269 intermittere,
711 2187 792 2270 quin
808 2187 910 2252 Dom.
929 2187 1238 2278 Vestraejscribere·
1272 2274 1274 2278 Ι
1353 2163 1354 2250 f

183 2339 184 2344 κ
296 2324 395 2385 mus,
420 2314 597 2386 rogantes,
623 2315 661 2366 ut
689 2278 755 2380 qua
784 2301 889 2380 pollet
916 2298 1134 2381 dexteritate,
1158 2293 1239 2381 pan·
1353 2287 1354 2298 ¹

294 2413 426 2491 ceribus
452 2414 591 2483 Confilii
613 2415 777 2497 Aulaeque·
796 2411 960 2492 Gallicae,
984 2426 1104 2478 nostro
1130 2415 1237 2478 nomi·

126 2570 130 2579 ,
228 2536 235 2590 ἑ
290 2554 357 2615 ne,
391 2530 476 2598 illud
505 2549 603 2612 quam
626 2525 871 2614 diligentissime
896 2526 1137 2615 repraesentetr
1168 2547 1238 2596 non

297 2646 390 2734 quod
415 2645 554 2712 velimus
585 2659 648 2706 nus
678 2641 858 2706 immiscere
886 2639 1027 2720 privatis
1059 2642 1149 2725 saepe
1175 2661 1238 2707 no-

293 2763 494 2838 minatorum
519 2758 723 2839 legatorum,
754 2756 799 2820 D.
819 2753 1004 2820 D’Avausri
1036 2771 1068 2822 et
1093 2759 1139 2824 D.
1159 2756 1234 2823 Ser-

294 2864 703 2951 vienti,controvers1is;
741 2865 847 2927 multo
874 2865 1002 2943 minus,
1030 2881 1069 2930 nt
1093 2885 1156 2932 nos
1182 2871 1235 2934 in·

291 3002 444 3076 geramus
466 2978 614 3066 propriis
640 2975 742 3062 Regis
766 2975 1040 3044 Christianissrmi
1062 2981 1234 3066 negotiis,

286 3104 346 3168 vel
366 3096 579 3182 praescribere
604 3105 765 3156 tentemus
790 3097 850 3158 e'ot
872 3092 975 3158 Virus
1004 3113 1146 3176 quorum
1173 3096 1236 3162 rni-

291 3213 433 3284 nisterin
459 3211 513 3274 hic
547 3207 598 3270 uti
630 3205 821 3272 conveniat.
890 3206 1010 3274 Saltem
1036 3207 1254 3302 significasse!

292 3327 490 3403 debuimus,
524 3321 624 3405 paulo
654 3318 971 3402 intempestiviorem
1005 3305 1092 3386 nunc
1122 3319 1232 3389 videri

290 3435 512 3516 illustrissrmi
538 3435 584 3502 Dr
610 3415 757 3500 Comitis
784 3432 967 3501 D'Avausri
994 3433 1227 3525 dimislronem.

265 3555 401 3630 'Nnm‚
426 3549 540 3635 quiin
568 3547 693 3612 solenni
717 3549 781 3614 hoc
807 3563 884 3641 actu
912 3550 1101 3630 cumprimis
1129 3550 1232 3632 respi-

293 3651 401 3734 ciendi
420 3660 681 3742 sunt,·anani
691 3656 822 3745 Imperii
832 3661 974 3726 Ordines
986 3691 1007 3740 ‚⁴
1023 3659 1123 3724 toties
1141 3660 1231 3748 Reg-

292 3777 554 3848 norum'lireris
584 3775 624 3840 ad
657 3761 732 3839 loca
766 3787 964 3840 tractatuum
996 3773 1154 3856 invitati,
1194 3758 1244 3844 et‘

194 3868 197 3877 ¹
235 3935 238 3943 ·
292 3913 382 3964 nunc
403 3910 519 3979 magno
538 3905 696 3969 numeru,
720 3869 925 3972 maiorique,
950 3892 1047 3973 quam
1067 3891 1235 3976 antehae,

1170 4002 1226 4086 spe
