2734 4904
321 456 418 508 100·
457 440 797 514 HUGONIS
842 440 1117 514 GROTII

321 607 435 692 surus,
452 611 484 677 in
502 613 647 696 foenum,
663 629 860 696 avenam,et
878 615 952 681 alia.
983 615 1092 682 Plebis
1109 608 1254 698 adRegi·

324 745 397 791 nam
418 725 596 812 Repentem
621 731 804 795 concursus
822 728 890 801 fuit
910 731 976 794 ista
993 727 1252 812 deprecantium.
1351 751 1352 754 ¹

325 836 364 906 In
391 841 596 908 Parlamento
625 847 686 910 lrac
715 841 882 910 occalione
914 843 1023 917 liberae
1054 828 1154 908 dictae'
1180 839 1258 906 sunt

323 955 489 1022 sententiae
517 956 555 1021 de
579 957 729 1048 pecuniis
758 973 824 1022 non
849 958 928 1020 bene
961 953 1128 1036 impensrs.
1178 953 1258 1020 lla

325 1067 364 1132 de
391 1068 486 1134 caula
508 1069 629 1134 Praeses
651 1055 853 1136 Barillonius
874 1068 983 1136 iussus
1010 1067 1260 1140 irePinerolunt

324 1198 416 1246 extra
440 1183 602 1248 Galliam:
650 1162 704 1249 alii
728 1167 794 1250 tres
820 1183 996 1250 confiliarii
1017 1180 1257 1276 rustablegati.
1352 1219 1353 1248 l

325 1281 575 1362 Constituerant
594 1297 767 1361 Senatores
786 1295 1029 1374 Parlarnentarii
1045 1293 1128 1358 nihil
1150 1305 1262 1358 rerum
1344 1309 1353 1376 g

324 1425 438 1491 agere,
462 1407 658 1488 priusquam
681 1409 828 1492 Collegae
846 1409 1074 1492 isti‚.magnae
1093 1407 1263 1502 existima·

323 1519 429 1604 tionis
456 1519 542 1598 viti,
569 1516 628 1584 fibi
653 1520 876 1588 redderentur.
925 1521 988 1586 Sed
1014 1541 1083 1588 non
1105 1496 1266 1588 videntur¹
1353 1531 1354 1536 ’

324 1632 358 1698 in
385 1649 424 1695 eo
445 1631 618 1714 proposito
646 1633 826 1714 perstituri.
894 1633 1010 1703 Romae
1042 1637 1117 1702 vult
1148 1635 1261 1719 Papa,
1353 1655 1354 1696 3

323 1757 363 1818 ut
380 1746 491 1828 ⁴lepati
515 1761 667 1810 carrucas
693 1742 831 1825 fistant,
868 1747 1152 1828 praetereuntibus
1176 1747 1264 1812 Car·

323 1849 504 1932 dinalibus.
552 1856 726 1940 Hispanus
743 1858 854 1940 dolet,
879 1843 969 1941 quod
988 1842 1263 1926 Cardinalisllle·
1354 1841 1355 1852 ἢ

324 1972 453 2052 dicaeus
477 1971 661 2058 Hispanico
684 1971 818 2056 insignia
841 1971 976 2053 ⁴fotibus
1001 1972 1068 2042 suis
1091 1974 1259 2058 praefigere
1354 1985 1355 2042 ξ

325 2083 455 2166 noluit,
493 2085 649 2170 quodque
688 2086 887 2152 Florentiam
917 2087 1079 2152 Nuncius
1115 2088 1262 2154 mittitur
1347 2075 1356 2110 '²

324 2200 557 2281 Bentivolius,
579 2203 626 2266 'ex
656 2198 755 2262 domo
789 2199 898 2265 Gallis
928 2199 1123 2266 addictiore.
1192 2201 1266 2286 Qui

323 2311 550 2387 Mottaelunt
573 2312 607 2376 in
636 2313 873 2398 Lotharingia,
902 2313 984 2398 saepe
1010 2333 1084 2380 cum
1112 2313 1262 2378 obsesso·
1355 2355 1356 2396 t

323 2425 418 2492 ribus
449 2441 617 2510 pugnant:
674 2427 856 2503 mittuntur
885 2427 987 2514 hinc,
1022 2428 1078 2512 qui
1113 2425 1260 2492 obliden·
1355 2413 1356 2434 ³

324 2540 410 2612 tium
439 2535 578 2624 augeant
604 2561 787 2608 numerum.
855 2543 918 2608 Sed
946 2557 979 2607 et
1009 2545 1088 2610 Dux
1114 2542 1259 2608 Carolus

326 2655 367 2725 ad
395 2655 599 2723 eximendum
630 2656 766 2750 'obfidio
805 2658 916 2720 locum
951 2655 1077 2740 accingi
1119 2655 1259 2735 dicitur·

325 2768 518 2840 Maresralti
532 2769 673 2834 Turenae
698 2770 817 2833 milites
833 2787 873 2852 ex
890 2769 1110 2852 Lotlraringia
1135 2765 1271 2832 exituri.

325 2897 393 2944 non
418 2878 515 2956 lunt,
540 2879 598 2945 nist
628 2879 733 2951 medio
756 2879 868 2962 Aprili
894 2867 951 2944 aut
978 2865 1146 2944 eius'fine.
1179 2877 1268 2944 Bec-

324 2991 403 3070 lcius
426 2992 460 3056 in
478 2992 788 3078 Luxemburgicum.
804 2993 897 3062 ,venit
921 3012 996 3059 cum
1010 2991 1179 3056 *sexcentis
1200 2991 1265 3056 llo.

323 3127 477 3174 tenorum
504 3109 674 3187 millibus,
699 3106 739 3172 ad
762 3125 871 3172 novos
894 3106 1042 3172 delectus
1068 3122 1101 3170 et
1128 3106 1167 3172 nd
1190 3126 1265 3172 mu·

283 3210 300 3267 ·'
324 3221 469 3302 pitiones
495 3219 675 3285 faciendas.
742 3222 823 3288 Dux
849 3220 1117 3308 Longovillanus
1149 3219 1267 3286 itineri
1298 3209 1301 3228 '

324 3333 570 3402 Monostetium
602 3333 631 3398 le
664 3347 770 3416 potat.
838 3334 984 3399 Indictio
1017 3333 1105 3398 facta
1136 3345 1189 3398 est
1225 3319 1287 3400 in¹

323 3467 407 3524 eos,
432 3448 556 3530 quibus
579 3450 727 3529 pecuniae
754 3449 880 3516 reditus
907 3448 1079 3516 debentur.
1142 3448 1191 3514 Ea
1214 3439 1265 3510 ef·

324 3559 455 3640 iectura
481 3577 619 3644 putatur
643 3563 806 3628 milliones
833 3563 1018 3627 duodecim.
1073 3555 1265 3641 nuptorum

323 3661 653 3759 Parlamentatiotum
683 3677 788 3761 copiae
817 3674 857 3739 ad
886 3663 1167 3739 Pontemftact'um
1194 3673 1271 3735 cln-

187 3763 193 3774 ⁶
279 3802 288 3816 “
327 3788 599 3876 demaccepere..
657 3791 738 3872 Spes
771 3789 863 3884 pacis
895 3787 942 3850 ibi
969 3786 1087 3850 nullu·
1140 3785 1262 3864 Deus,
1355 3831 1357 3836 ,

323 3905 543 3980 Illustrissmti
573 3918 604 3970 et
636 3900 914 3972 Excellentislimi
944 3898 1105 3980 Domini,
1139 3899 1263 3966 Excel-

456 3999 463 4014 Ι
1193 4009 1266 4075 lena
