2734 4904
212 449 383 538 ‚aaran
407 420 524 534 anu
540 405 944 580 consaturant.
993 462 1057 543 tea

119 573 176 706 spe
203 618 284 684 boni
308 617 501 701 successus,
533 619 588 686 hic
619 570 867 704 comparentes,
899 634 966 684 nou
999 633 1057 698 pe·

117 753 192 800 rum
214 729 415 816 suspicionis
440 733 612 815 concipere
635 721 838 811 audiuntur,
863 730 976 814 quod,
999 731 1061 826 qui

116 866 137 919 ι
166 863 220 912 tot
238 847 333 912 annis
353 849 475 913 doctus
498 863 549 913 est
575 846 759 940 Gertuaniae
781 845 1057 930 Rem-publicam,

116 959 319 1046 fingulorum
338 929 477 1026 statuunt
501 945 734 1042 conditiones,
758 959 866 1044 gentis
895 976 1001 1024 mores
1024 967 1058 1022 et

113 1073 282 1158 linguam
309 1073 439 1153 adhuc,
465 1075 523 1156 qui
538 1075 743 1156 comparavit
759 1073 842 1152 fibi,
866 1086 898 1138 et
919 1075 1058 1162 (magno

115 1185 191 1254 sane
219 1189 259 1254 ad
283 1207 348 1254 rern
375 1203 580 1262 communem
602 1186 682 1252 bene
700 1162 870 1285 gerendam
891 1184 1059 1250 adiumen-

110 1303 197 1386 tol)
229 1304 349 1370 nititur
381 1301 630 1384 praecipuorum
661 1300 696 1378 in
724 1297 901 1368 Germania
933 1276 1065 1382 ariaci,

114 1433 195 1502 punt
228 1415 523 1494 ministrorumque
551 1412 735 1477 confidenti
759 1409 1059 1492 correspondentia

116 1543 149 1600 et
172 1527 411 1624 familiaritate3
455 1544 570 1618 uuae,
601 1528 686 1610 [cunr
718 1509 966 1612 Deputatoturn
1002 1511 1060 1592 alit

54 1651 56 1653 ’
115 1641 180 1708 iam
211 1641 268 1710 diu
295 1643 350 1708 hle
375 1635 475 1721 sunt,
510 1641 563 1708 alii
595 1657 721 1740 nuper
731 1637 939 1716 advenere,
942 1629 1060 1702 cuncti

25 1787 31 1800 ·
115 1773 196 1820 vero
226 1777 300 1822 curn
331 1751 487 1818 desiderio
520 1765 698 1846 expectant
724 1751 842 1820 Reales
867 1737 1059 1838 Regnorum

115 1867 388 1954 proposrtiones‚
411 1863 569 1933 secessum
593 1865 764 1932 moliatur.

51 2019 53 2024 ,
159 1981 276 2066 Magni
301 1976 451 2062 equidem
473 1981 530 2046 hie
557 1981 741 2046 aestimatur
764 1978 1052 2048 Illustrissrnril)

117 2091 283 2161 Servienti
310 2092 445 2174 virtus,
478 2111 584 2176 neque
618 2093 773 2180 ignorant
798 2094 942 2174 Galliam
975 2093 1060 2158 fera·

7 2267 8 2272 ,
59 2231 62 2236 ’
116 2226 185 2284 cem
207 2206 274 2272 esse
296 2200 466 2287 uirorum,
492 2210 549 2292 qui
570 2209 604 2274 in
621 2209 773 2276 abeuntis
794 2211 907 2276 locurn
922 2205 1059 2294 possent

7 2349 8 2352 ¹
116 2318 295 2406 surrogari.
349 2321 476 2387 Verum
499 2323 654 2390 credibile
677 2343 745 2389 non
768 2322 829 2404 fit',
854 2337 907 2388 tot
932 2335 964 2387 et
988 2311 1057 2386 tatu

116 2431 250 2522 diverses
285 2431 415 2508 Galliae,
444 2434 612 2518 negotiis,
661 2434 804 2516 indeque
842 2434 1058 2498 nascentibus

58 2579 63 2588 ·
116 2546 288 2617 continuis
328 2563 434 2612 rerunt
472 2547 732 2620 tractandarum,
760 2545 957 2627 laboribus,
998 2545 1058 2610 diu

6 2661 8 2744 J
115 2660 354 2740 suffecturum,
393 2647 632 2727 duraturumve
663 2662 761 2730 huius
793 2662 949 2730 animum.
1006 2661 1056 2727 Et

117 2775 229 2860 quiin
254 2774 511 2842 sublevationem
541 2775 612 2842 eius
640 2753 814 2858 adveniet,
846 2795 914 2844 non
940 2793 1057 2860 parum

114 2855 492 2979 temportsidparando
525 2902 558 2953 et
590 2889 799 2956 conficiendo
831 2889 943 2955 itineri
970 2889 1060 2958 insu·

114 3016 193 3066 met.
267 2998 395 3065 Interea
425 3000 537 3082 posset
569 3001 627 3066 uni
662 3003 718 3066 hle
750 2999 880 3086 degenti
918 3001 1056 3067 morbus

114 3113 244 3198 aliusve
260 3113 354 3180 casus
370 3116 530 3190 humanus
550 3112 780 3200 supervenire,
804 3114 944 3198 indeque
963 3115 1054 3184 necti

114 3244 222 3293 return
249 3245 358 3307 rnora;
385 3226 443 3294 sub
471 3247 689 3310 mutavero,
715 3227 934 3312 quodtatnen
962 3215 1054 3298 Deus

116 3341 288 3406 clementer
315 3355 462 3422 avertat,
490 3343 610 3411 mutari
633 3362 741 3408 rerum
764 3359 852 3406 nunc
879 3360 1001 3425 prospe
1005 3364 1055 3409 ra·

114 3470 186 3519 tum
206 3451 337 3550 fssciess
363 3469 461 3536 atque
485 3454 530 3520 ita
556 3455 627 3537 spes
650 3457 713 3520 iarn
735 3474 753 3520 a
776 3455 890 3538 multis
913 3475 1054 3540 concep·

115 3578 170 3650 ta,
205 3565 244 3630 de
270 3581 387 3651 optato
409 3568 507 3634 huius
532 3583 695 3636 tractatus
722 3567 864 3652 eventu,
897 3570 1054 3637 intertur-

115 3677 199 3770 bari.
247 3681 292 3744 Et
316 3680 339 3748 sr
362 3681 528 3754 successor
553 3683 728 3750 adventum
751 3683 847 3766 suum
870 3684 923 3750 vel
951 3683 1054 3750 marl

116 3809 165 3859 tue
190 3792 288 3856 vellet
311 3781 493 3878 maturare,
523 3797 650 3880 aliquid
677 3813 782 3863 tanen
817 3800 872 3864 bic
905 3799 939 3862 in
974 3800 1051 3864 loco

117 3906 376 3978 intercessurum
400 3909 561 3996 videran-
584 3927 757 3995 antequam
785 3911 883 3979 animi
910 3913 1053 3979 invicem
1150 3993 1154 4000 Ι

81 4027 85 4038 ’
981 4025 1053 4113 dig·
