2734 4904
300 330 593 439 sn'tsaonm
638 369 936 436 ruentem
1030 371 1074 452 ⁶5

129 557 193 624 per
220 535 328 606 omnia
353 541 504 622 infistat,
529 541 650 608 bellum
677 553 834 632 ptaeterea
855 555 887 604 et
911 541 1069 618 tutiorem

129 675 206 720 eum
230 654 379 738 praestet,
403 671 434 720 et
455 657 574 722 multas
600 657 653 722 det
675 659 722 754 rei
746 648 901 720 faciendae
922 635 1070 718 commo·¹

129 770 276 852 ditates,
300 771 450 836 dubitare
470 789 602 854 cogor,
617 789 656 834 an
680 770 772 851 pacis
793 770 963 854 negotium
979 769 1064 864 ierio
1142 793 1144 800 ·

128 903 150 950 a
173 885 281 952 Gallis
306 899 486 964 tractetur,
510 903 551 948 an
575 903 655 948 vero
677 899 863 966 praetextus
890 873 1062 964 quaerant,

126 1016 189 1078 per
214 1017 299 1079 quos
323 997 439 1082 pacis,
464 1017 561 1080 quam
584 997 646 1080 ipst
672 1005 742 1062 non
765 1000 908 1077 volunt,
934 997 1065 1060 tardan-

124 1111 179 1176 dae
205 1112 362 1178 invidiam
387 1113 420 1176 in
446 1113 576 1176 hostem
598 1111 776 1176 declinent.
824 1109 969 1196 Quodsi
996 1103 1064 1173 be'l-

124 1225 198 1310 lum
224 1227 257 1290 in
284 1224 565 1292 Germaniaduci
587 1225 682 1290 etiam
713 1244 729 1289 e
762 1243 795 1288 re
812 1240 870 1292 ‚est
900 1223 1063 1303 Suedica,

126 1353 198 1400 nou
218 1339 325 1401 ‘habeo
355 1339 446 1420 quod
475 1337 711 1403 contradicam.
787 1339 845 1403 Sin
875 1357 954 1415 vero
984 1339 1064 1402 Sue·

127 1447 193 1514 diae
219 1465 276 1514 aut
299 1471 363 1534 pax
387 1467 438 1516 est
464 1452 603 1530 utilior,
636 1465 692 1515 aut
723 1451 757 1514 in
784 1453 855 1514 aliis
885 1453 969 1514 locis
997 1453 1063 1514 bel-

127 1563 223 1644 lum,
248 1564 415 1629 sollicitus
440 1565 529 1646 sum,
555 1583 648 1646 quem
679 1581 730 1628 res
756 1563 794 1629 fit
821 1563 971 1628 habitura
992 1562 1062 1627 exi-

127 1689 220 1759 tum,
253 1677 372 1743 Suedia
412 1677 545 1760 quidem
584 1667 702 1748 Galliae
740 1677 918 1757 adiuncta,
951 1676 1063 1742 Gallia

127 1810 209 1856 vero
235 1792 302 1874 ipsa
326 1812 383 1874 per
409 1805 464 1856 tot
498 1809 600 1856 nexus
634 1791 797 1872 impedita
812 1811 852 1855 ne
877 1790 921 1856 ad
948 1793 1063 1872 pacem

78 1993 81 2000 Ι
127 1906 309 1991 perveniat.
373 1906 437 1971 Sed
464 1925 539 1971 cum
574 1922 635 1989 ego
660 1921 773 1968 omnes
807 1903 932 1989 negotii
958 1905 1093 1968 istius·

127 2017 277 2084 recessus
294 2035 363 2082 non
381 2019 438 2084 nist
462 2019 655 2084 coniectura
672 2018 844 2100 assequar,
865 2031 973 2082 totum
992 1995 1057 2084 hoc

126 2133 201 2199 Deo
235 2131 416 2214 imprimis,
449 2129 584 2212 deinde,
608 2147 813 2213 ¹,et-eorum,
841 2132 964 2213 quibus
991 2134 1057 2216 hoc
1125 2134 1154 2232 κ’

126 2247 335 2316 commissum
359 2265 431 2328 est,
458 2247 663 2330 prudentiae,
687 2245 855 2328 relinquo.
887 2231 988 2328 'Papa
1011 2247 1059 2318 ita

126 2362 330 2428 resinvenit
354 2361 394 2450 ab
424 2360 563 2424 Urbano
595 2361 771 2422 exhaustas
803 2364 901 2438 atque
932 2363 1058 2432 obaera-

13 2475 15 2520 3
125 2489 198 2554 tas,
222 2489 262 2539 ut
291 2493 309 2537 a
335 2458 587 2536 cavillatoribus
621 2469 752 2534 dicatur
777 2471 937 2552 Papatum
965 2491 1056 2538 acce·
1105 2542 1108 2553 ,
1148 2469 1153 2484 '
1217 2526 1219 2535 ,

13 2633 15 2678 3
124 2587 210 2673 pisse
235 2572 293 2652 sub
319 2583 692 2652 beneficioinventarii.
749 2583 911 2650 Camillus
938 2585 1057 2651 Cardi-

17 2712 19 2724 '
121 2702 207 2772 nalis
231 2701 368 2768 iuturus
396 2692 538 2769 dicitur,
590 2697 702 2764 Fiuale
732 2711 870 2780 accepto
903 2699 1054 2781 praesidio

122 2827 214 2879 extra
240 2812 626 2888 anetumaGallisest,
674 2813 900 2898 Hispanorum
921 2814 969 2878 in
986 2813 1053 2882 Ca'·
1112 2815 1114 2820 ’
1171 2834 1175 2842 ·

120 2929 240 2992 talania
270 2929 469 3005 exercitus,
501 2945 605 3014 quem„
630 2925 773 3009 Hispani
798 2925 1052 3010 vulgant'esse,

120 3040 267 3124 pediturn
295 3038 433 3104 sedecies
463 3025 573 3117 mille,
596 3037 744 3118 equitum
770 3037 948 3118 quinquies
968 3041 1051 3104 'mil-
1149 3033 1150 3046 ¹

87 3232 90 3240 Ι
120 3156 172 3235 le,
195 3151 248 3227 sed
267 3152 365 3219 Galli
391 3150 506 3216 'multo
538 3151 693 3216 minorem
719 3151 786 3216 esse
815 3155 1049 3236 contendunt,
1096 3157 1099 3162 '

99 3269 243 3335 ¹dicitur
267 3243 313 3334 ire
338 3281 454 3332 contra
479 3265 645 3332 Salsouam
669 3267 848 3350 oppidum,
873 3268 964 3345 quod
981 3287 1050 3336 uon
1084 3277 1087 3298 '¹

118 3385 258 3449 multum
287 3384 379 3446 abest
405 3401 423 3444 a
453 3379 648 3444 Barcinone.
686 3378 904 3444 ·Harcurtius
930 3383 1049 3450 morbo

13 3525 14 3532 ¹
120 3517 159 3563 an
184 3499 281 3562 rebus
308 3497 599 3578 nondumparntis
622 3495 675 3564 hie
705 3496 945 3576 detinetur,·et
962 3515 1050 3582 map-

118 3629 180 3674 nus
213 3627 264 3674 est
292 3625 398 3677 anetus
435 3629 473 3674 ne
505 3611 657 3677 Catalani
689 3611 783 3674 fidem
809 3623 956 3688 mutent,
989 3609 1048 3688 qui

13 3801 14 3806 ἵ
119 3735 150 3786 et
173 3720 385 3788 Barcinonem
404 3720 529 3790 'habent
554 3725 588 3790 in
619 3738 785 3806 potestate
812 3739 844 3788 et
870 3723 980 3790 fauces
1006 3724 1051 3790 il«

118 3834 188 3918 las,
213 3851 271 3917 per
296 3853 400 3920 quas,
424 3837 447 3906 fi
475 3839 600 3919 velint,
631 3838 727 3908 Galli
740 3837 882 3928 reditum
900 3837 934 3904 in
956 3838 1047 3904 Lan-

572 3952 602 4022 E
973 3965 1053 4038 gue-
