2734 4908
63 415 134 508 st
264 404 924 483 rertsrourernnntunn
1023 422 1064 494 η

129 620 141 660 ‚0
177 577 316 648 Gaudeo
343 598 407 646 rem
443 561 609 648 Hasstca'm
639 575 706 652 cese
737 577 772 645 in
806 565 910 652 vano„
946 577 1070 646 ··Haaii

135 693 292 762 abeuntes
320 715 337 760 a
360 694 552 760 Guebriano
573 713 688 776 parurn
713 689 869 772 abicere,
905 691 987 774 quin
1010 691 1071 771 ciue

132 829 204 876 cem
228 809 386 877 Carnium
415 821 587 890 caperent:
631 825 744 888 cepere
772 807 913 874 sarcinas
941 805 1012 873 eiua
1029 823 1068 873 er

133 926 243 992 ineis
275 921 378 992 ensem
412 941 429 986 a
460 922 547 1007 Rege
569 922 701 994 Gaiiiae.
719 919 852 988 datumt
887 919 965 1002 ¹ipse
993 923 1071 994 Dux

136 1039 282 1111 Carolus
311 1037 500 1102 Wormariae
530 1051 617 1102 nunc
651 1034 899 1130 eaie'dicitura
964 1033 1069 1116 copiae

133 1153 206 1216 eiua
220 1152 342 1218 iunctae
362 1171 437 1238 eum
457 1150 606 1214 Bavaria.
652 1145 969 1226 InFrancofurtenst
989 1166 1069 1211 con·

134 1280 260 1344 ventu,
292 1264 333 1330 ad
361 1263 587 1344 componenda
608 1281 645 1328 ea
677 1282 752 1346 qua
785 1258 910 1326 diversa
937 1260 1068 1344 Religio

132 1379 346 1442 controversa
377 1375 478 1454 fecit,
519 1375 656 1459 delegati
683 1374 759 1440 sunt
793 1375 950 1456 utrinque
976 1371 1066 1442 deni·

133 1491 340 1571 Imperator,
374 1505 411 1550 ut
440 1487 610 1568 Principes
645 1502 677 1552 et
709 1486 864 1550 civitates
894 1500 1019 1550 auertat
1051 1479 1069 1552 ι’

108 1603 274 1669 confiiio
308 1587 458 1664 mittendi
492 1599 531 1664 ad
564 1600 638 1663 loca
673 1611 862 1665 conventus
897 1595 936 1660 de
968 1615 1067 1678 pace,
1108 1666 1110 1670 ,

104 1734 110 1748 ·
132 1716 218 1790 dicit
250 1716 279 1780 se
308 1708 501 1779 effecturum
524 1730 582 1793 per
603 1729 711 1796 eqnoa
735 1710 918 1792 disposrtoa
946 1725 981 1774 ur
1006 1708 1068 1788 stne

136 1833 211 1914 guia
232 1831 344 1892 norint
362 1847 435 1907 quae
453 1840 605 1910 agantur.
666 1826 752 1890 Vult
774 1817 880 1890 autent
902 1823 942 1888 ad
964 1821 1069 1908 ipsum

135 1959 320 2011 conventus
353 1942 463 2004 locum
504 1939 660 2002 neminem
700 1939 788 2003 mitti
811 1937 882 2009 nist
921 1958 938 2002 a
972 1937 1002 2002 se
1036 1951 1071 2003 et

126 2039 375 2129 'Electoribun
400 2050 452 2114 ieri
477 2049 630 2119 civitates
651 2049 830 2133 potissnnae
861 2051 894 2114 id
926 2070 992 2114 non
1019 2051 1069 2116 ia·

137 2170 181 2234 tis
206 2188 245 2232 ex
268 2186 299 2230 re
324 2165 378 2230 sua
405 2165 621 2230 arbitrantur.
677 2165 765 2231 Tum
795 2182 874 2231 vero
899 2184 975 2248 para
1002 2185 1066 2230 ma·

134 2282 185 2349 ior
220 2280 407 2362 principum
439 2295 557 2344 contra
588 2279 705 2346 iiavari
739 2247 927 2354 seirrentiam
958 2279 992 2360 in
1027 2298 1066 2343 eo

134 2393 272 2478 perstat,
297 2409 334 2458 ut
359 2391 454 2458 causa
478 2393 626 2458 Palatina
652 2393 686 2456 in
710 2393 788 2457 loco
813 2405 1002 2458 conventus
1028 2395 1067 2456 de

133 2528 214 2592 pace
239 2523 413 2570 tractetur.
487 2507 658 2568 Dicuntur
682 2505 761 2568 maie
785 2506 870 2570 inter
895 2505 925 2570 se
947 2525 1091 2590 contre·X

133 2621 202 2684 nire
229 2619 376 2685 Marcius
397 2632 429 2682 ct
447 2617 641 2700 Wnertius;
688 2617 979 2703 Mogontiacertsea
1010 2639 1068 2685 au·

133 2749 197 2818 rem
226 2733 377 2815 polliceri
401 2732 647 2798 restitutionem
674 2733 783 2802 Ducia
808 2733 997 2814 Zimmerii3
1031 2735 1083 2823 in·

131 2849 253 2934 Angiia
275 2849 315 2912 ab
339 2849 486 2942 exercitu
513 2845 614 2944 Regis
642 2861 776 2930 captum
807 2847 967 2932 oppidum
998 2849 1078 2916 Wi-v

135 2965 305 3038 chamum,
341 2963 441 3024 abeo
468 2962 616 3025 exercitu
642 2963 701 3044 qui
725 2962 814 3043 apud
835 2963 991 3050 Reginam
1015 2979 1068 3034 eat

131 3076 386 3156 Nortingatnum
411 3075 594 3156 oppidum3
641 3090 673 3138 et
698 3095 716 3139 a
743 3074 894 3142 Robcrto
915 3077 1067 3162 Principe

131 3185 342 3274 deprehensas
363 3202 580 3270 praetenturae
597 3187 738 3256 militum
754 3187 969 3272 Parlatuenti,
983 3193 1065 3258 mui-

44 3327 45 3337 ι
132 3319 254 3384 rosque
270 3301 380 3370 iactos
396 3303 568 3386 captivos.
614 3301 688 3370 Rex
711 3283 808 3370 offert
832 3305 958 3371 veniam
988 3306 1064 3372 Par·

131 3417 353 3499 lamentaris,
378 3417 430 3482 sed
453 3417 515 3486 suaa
539 3417 727 3502 cognitioni
750 3413 891 3484 reservat
914 3420 1062 3490 hominen

120 3529 382 3614 ¹septemdecim,
406 3532 440 3596 in
464 3531 589 3613 quibus
613 3529 742 3599 suntet
770 3532 821 3598 illi
846 3534 903 3616 qui
928 3534 1063 3620 ltegira

130 3642 281 3710 sacellum
297 3646 474 3728 depraedati
491 3646 580 3714 sunt.
619 3647 863 3718 Pariamentarii
883 3669 961 3716 vero
978 3653 1062 3716 claa-

131 3753 173 3822 sas
197 3759 396 3843 utriusque,
431 3763 490 3826 hac
522 3781 554 3826 re
585 3762 773 3841 intellecta,
797 3781 908 3846 pacem
935 3781 1062 3831 omnent

127 3869 330 3975 repudiante,
357 3891 390 3940 et
419 3877 528 3958 capita
555 3875 653 3950 XVII
680 3875 806 3944 Pimiua
830 3895 849 3942 a
875 3877 988 3947 Ciaase
1011 3877 1061 3946 ius

1016 3986 1063 4054 ie·
