2734 4908
218 411 325 474 tt
421 381 774 470 nodomls
803 399 1137 477 dnm-wll

279 577 335 645 bic
360 571 455 640 bubet
481 569 581 649 suos,
610 570 761 640 alterum
773 571 918 638 nobilem
934 589 1036 656 extra
1063 575 1209 664 ordinem

177 735 179 738 -
277 684 432 766 missum,
456 687 594 772 alterurn
615 681 911 762 Relidontemd
851 705 890 750 ιιι
892 685 1073 770 dinarium,
1105 707 1144 757 ιιι
1171 693 1210 760 fi-

276 803 413 870 delibus
429 797 591 864 ministris
607 791 764 862 honorem
782 799 936 879 haberet,
962 803 1019 881 qui
1038 801 1131 870 fidon»
1150 825 1205 872 ex

275 917 358 984 citat
378 928 412 979 et
438 910 566 990 nutrit,
601 911 745 975 voluisse
761 929 837 976 rem
866 931 934 976 erm
963 931 1021 994 per
1046 935 1105 981 eos
1129 919 1209 997 bic,

275 1039 350 1096 non
368 1040 475 1093 nutum
500 1023 588 1108 opud
611 1025 640 1090 ie
665 1025 845 1109 transigi.
863 1025 944 1090 Haec
961 1028 1086 1098 omnia
1096 1047 1209 1096 osten.-

276 1144 312 1210 di
334 1143 422 1209 Duci
439 1109 685 1218 Aurelianensr,
708 1128 856 1219 Principi
883 1140 1055 1221 Condaeo,
1080 1143 1209 1210 Comici

281 1257 461 1337 Briennio,
483 1275 540 1338 qut
532 1252 761 1332 'Secretari'us
786 1267 837 1316 est
857 1252 895 1316 ad
917 1269 1154 1336 resonemus,
1180 1271 1212 1322 et
1268 1300 1277 1328 ,

278 1372 432 1451 Baliolo,
464 1367 522 1453 qui
553 1365 680 1449 primus
711 1379 762 1431 est
792 1365 825 1431 in
858 1368 963 1434 aerutii
994 1387 1085 1433 curo.
1131 1369 1213 1434 Non

273 1483 396 1553 reticui
422 1495 580 1565 quantum
605 1495 661 1545 out
685 1460 786 1544 bellu
793 1495 849 1546 tut
873 1482 947 1563 paci
969 1483 1108 1546 nllaturs
1128 1481 1212 1548 esset

275 1595 479 1668 incommodi
496 1591 737 1676 istaPrincipis
759 1591 917 1655 hactenus
937 1591 1124 1686 fortissimos
1143 1615 1214 1660 mu

276 1712 384 1792 tatio,
408 1725 514 1790 neque
538 1693 641 1771 illud:
690 1700 860 1793 pecuniam
888 1706 1024 1770 inloto
1053 1708 1212 1794 negligere

276 1823 453 1893 maximum
479 1816 642 1886 interdum
664 1832 718 1882 est
741 1819 885 1884 lucrum.
927 1818 1081 1888 Poscant
1104 1835 1211 1892 autem

222 2024 227 2030 .
278 1936 434 2018 floenel,
461 1953 529 1999 non
552 1933 767 2017 improbabili
786 1933 826 1998 de
850 1933 972 2016 cuuis,
991 1934 1068 2018 quia
1084 1935 1212 2000 Mures·

270 2054 385 2118 collus
412 2047 626 2117 Guebtianus
657 2048 772 2128 copias
804 2044 981 2127 Hnsstcas,
1018 2063 1051 2114 et
1078 2049 1246 2115 maxime

277 2179 471 2249 equestres,
490 2181 555 2244 per
577 2175 643 2224 tres
667 2159 788 2224 mertses
808 2159 950 2224 detinuit
971 2159 1130 2238 inutiles,
1154 2179 1213 2251 per

275 2279 368 2362 quod
394 2274 457 2341 fibi
493 2289 546 2340 tot
574 2292 726 2359 agrotum
756 2271 880 2336 tributa
910 2271 1099 2352 perierunt,
1124 2271 1210 2336 unde

273 2390 410 2460 olendus
430 2403 498 2454 erat
523 2387 712 2465 exercitus,
736 2384 834 2450 cuius
865 2384 923 2451 vix
944 2385 1100 2469 exiguum
1134 2407 1209 2470 par·

272 2523 341 2573 tem
365 2501 479 2572 Hostia
504 2503 587 2568 alere
616 2519 673 2582 per
694 2499 729 2563 se
753 2511 889 2580 potest,
914 2498 953 2564 nd
971 2498 1122 2569 damnum
1142 2502 1238 2573 hoc

270 2619 510 2690 resarciendum
540 2586 743 2677 scutatorum
774 2625 919 2682 centum
936 2611 1050 2680 millia
1091 2615 1211 2682 Alle-

271 2712 429 2822 gentibus
445 2741 552 2794 autem
567 2721 779 2807 praesentem
770 2722 915 2827 mopiam
929 2725 1076 2805 pecuniae
1088 2771 1101 2805 ,
1112 2745 1209 2808 quom

269 2843 465 2916 cardinalis
490 2851 577 2905 certe
605 2837 635 2901 is
661 2837 719 2918 qui
745 2848 898 2903 mortuus
923 2851 974 2902 est
998 2836 1078 2906 fecit
1105 2840 1211 2904 mixi-

274 2975 379 3039 mum3
410 2957 443 3021 in
468 2953 635 3038 privatum
662 2950 865 3016 corrodendo
894 2950 1019 3016 multos
1040 2951 1208 3026 milliones

272 3072 423 3162 publicis
463 3064 731 3134 necessitatibus
750 3065 952 3151 destinatos,
986 3063 1076 3146 diri,
1113 3065 1210 3148 posse

274 3181 492 3271 Landgraviae
522 3179 673 3244 satisfieri
701 3198 758 3259 pet
784 3177 966 3262 asstgnntos
993 3178 1120 3244 reditus
1151 3177 1212 3240 bo·

192 3355 193 3362 ,
272 3319 361 3370 nos:
389 3313 476 3379 quo
498 3307 607 3376 poeto
622 3303 822 3371 reperturam
848 3309 914 3356 eam
939 3290 1127 3371 praesentem
1150 3307 1207 3371 pe·

170 3469 175 3480 ,
274 3414 427 3490 cuniam,
462 3407 612 3492 quamvis
636 3426 724 3474 cum
735 3403 849 3486 aliquo
872 3401 1014 3482 damno,
1028 3402 1112 3476 stne
1143 3425 1208 3488 qun

197 3554 199 3558 ·
271 3523 532 3601 exercitudine,
557 3521 637 3584 adeo
660 3518 795 3586 antehac
820 3517 913 3580 utilis
938 3517 1106 3582 communi
1131 3537 1209 3584 cau·

271 3644 341 3721 so,
367 3635 498 3705 retineri
528 3635 636 3714 ulique
667 3649 733 3694 non
761 3626 885 3710 posset.
944 3628 1208 3710 Responderunt

267 3773 393 3823 omnes
415 3750 493 3816 sotis
510 3747 672 3824 comiter;
690 3741 1018 3813 DuxAureiinnensrs
1032 3745 1209 3830 ‚exiguum

269 3868 342 3938 esse
314 3865 411 3950 lde
442 3879 510 3948 quo
529 3871 727 3950 ageretur:
750 3857 926 3948 Punccps
937 3857 1131 3940 eontanas,
1169 3860 1211 3928 iu

935 3999 939 4005 ·
1126 3989 1208 4036 con·
